

%--------------------------------------------------------------

@article{cecin2004fsa,
  title={FreeMMG: A Scalable and Cheat-Resistant Distribution Model for Internet Games},
  author={Cecin, FR and Real, R. and de Oliveira Jannone, R. and Resin Geyer, CF and Martins, MG and Victoria Barbosa, JL},
  journal={Distributed Simulation and Real-Time Applications, 2004. DS-RT 2004. Eighth IEEE International Symposium on},
  pages={83--90},
  year={2004}
}

%--------------------------------------------------------------

@conference{cecin2004fhp,
  title={{FreeMMG: a hybrid peer-to-peer and client-server model for massively multiplayer games}},
  author={Cecin, F.R. and de Oliveira Jannone, R. and Geyer, C.F.R. and Martins, M.G. and Barbosa, J.L.V.},
  booktitle={Proceedings of 3rd ACM SIGCOMM workshop on Network and system support for games},
  pages={172--172},
  year={2004},
  organization={ACM New York, NY, USA}
}

%--------------------------------------------------------------

@article{cecin2006pps,
			title={{A peer-to-peer simulation technique for instanced massively multiplayer games}},
			author={Cecin, F.R. and Geyer, C.F.R. and Rabello, S. and Barbosa, J.L.V.},
			journal={Proceedings of the Tenth IEEE International Symposium on Distributed Simulation and Real-Time Applications (DS-RT'06)-Volume 00},
			pages={43--50},
			year={2006},
			publisher={IEEE Computer Society Washington, DC, USA}
}

%--------------------------------------------------------------

@article{cecin2006coc,
  title={{A communication optimization for conservative interactive simulators}},
  author={Cecin, FR and Barbosa, JLV and Geyer, CFR},
  journal={IEEE Communications Letters},
  volume={10},
  number={9},
  pages={686--688},
  year={2006}
}

%-------------------------------------------------------------

@Misc{broodwar, 
    author = "Blizzard",
    title = "Starcraft: Brood War",
    note = "http://www.blizzard.com/broodwar/",
    year = "1998"
}

%-------------------------------------------------------------

@Misc{halflife, 
    author = "Valve",
    title = "Half-Life",
    note = "http://www.half-life.com/",
    year = "1998"
}

%-------------------------------------------------------------

@Misc{counterstrike, 
    author = "Valve",
    title = "Counter-Strike",
    note = "http://www.counter-strike.net/",
    year = "2000"
}

%-------------------------------------------------------------

@Misc{warcraft3, 
    author = "Blizzard",
    title = "Warcraft III",
    note = "http://www.blizzard.com/war3/",
    year = "2002"
}

%--------------------------------------------------------------

@Misc{lineage2, 
    author = "NCsoft",
    title = "Lineage II",
    note = "http://www.lineage2.com/",
    year = "2003"
}

%---------------------------------------------------------------------------

@article{chen2006pch,
  title={{Peer clustering: a hybrid approach to distributed virtual environments}},
  author={Chen, A. and Muntz, R.R.},
  journal={Proceedings of 5th ACM SIGCOMM workshop on Network and system support for games},
  year={2006},
  publisher={ACM Press New York, NY, USA}
}

%---------------------------------------------------------------------------

@article{schiele2007rpp,
  title={{Requirements of Peer-to-Peer-based Massively Multiplayer Online Gaming}},
  author={Schiele, G. and Suselbeck, R. and Wacker, A. and Hahner, J. and Becker, C. and Weis, T.},
  journal={Proceedings of the Seventh IEEE International Symposium on Cluster Computing and the Grid},
  pages={773--782},
  year={2007},
  publisher={IEEE Computer Society Washington, DC, USA}
}

%--------------------------------------------------------------

@Misc{indigente, 
    author = "Indigente",
    title = "Interactive Digital Entertainment",
    note = "Grupo de pesquisa na área de jogos da UFBA, formado em abril de 2004. http://indigente.dcc.ufba.br/",
    year = "2004",
    
}

%--------------------------------------------------------------

@article{lamport1982bgp,
  title={{The Byzantine Generals Problem}},
  author={Lamport, L. and Shostak, R. and Pease, M.},
  journal={ACM Transactions on Programming Languages and Systems (TOPLAS)},
  volume={4},
  number={3},
  pages={382--401},
  year={1982},
  publisher={ACM Press New York, NY, USA}
}

%--------------------------------------------------------------

@article{elrhalibi2005abm,
  title={{Agents-based modeling for a peer-to-peer MMOG architecture}},
  author={El Rhalibi, A. and Merabti, M.},
  journal={Computers in Entertainment (CIE)},
  volume={3},
  number={2},
  pages={3--3},
  year={2005},
  publisher={ACM Press New York, NY, USA}
}

%---------------------------------------------------------------------------

@article{iimura2004zfg,
  title={Zoned federation of game servers: a peer-to-peer approach to scalable multi-player online games},
  author={Iimura, T. and Hazeyama, H. and Kado{\-}bayashi, Y.},
  journal={Proceedings of ACM SIGCOMM 2004 workshops on NetGames' 04: Network and system support for games},
  pages={116--120},
  year={2004},
  publisher={ACM Press New York, NY, USA}
}

%---------------------------------------------------------------------------

@article{lee2003sdl,
  title={{A scalable dynamic load distribution scheme for multi-server distributed virtual environment systems with highly-skewed user distribution}},
  author={Lee, K. and Lee, D.},
  journal={Proceedings of the ACM symposium on Virtual reality software and technology},
  pages={160--168},
  year={2003},
  publisher={ACM Press New York, NY, USA}
}

%---------------------------------------------------------------------------

@article{ng2002msa,
  title={{A multi-server architecture for distributed virtual walkthrough}},
  author={Ng, B. and Si, A. and Lau, R.W.H. and Li, F.W.B.},
  journal={Proceedings of the ACM symposium on Virtual reality software and technology},
  pages={163--170},
  year={2002},
  publisher={ACM Press New York, NY, USA}
}

%---------------------------------------------------------------------------

@article{assiotis2006dam,
  title={{A distributed architecture for MMORPG}},
  author={Assiotis, M. and Tzanov, V.},
  journal={Proceedings of 5th ACM SIGCOMM workshop on Network and system support for games},
  year={2006},
  publisher={ACM Press New York, NY, USA}
}

%---------------------------------------------------------------------------

@article{bezerra2008a3,
  title={A3: a novel interest management algorithm for distributed simulations of MMOGs},
  author={Bezerra, Carlos Eduardo B. and Cecin, Fábio R. and Geyer, Cláudio F. R.},
  journal={Proceedings of the 12th IEEE International Symposium on Distributed Simulation and Real Time Applications, 2008, Vancouver, BC, Canadá},
  pages={35--42},
  year={2008}
}

%---------------------------------------------------------------------------

@article{vilanova2008psm,
  title={{P2PSE - A Peer-to-Peer Support for Multiplayer Games}},
  author={Vilanova, Felipe J. and Bezerra, Carlos Eduardo B. and Crippa, Marcos Rates and Cecin, Fábio R. and Geyer, Cláudio F. R.},
  journal={VII Brazilian Symposium on Computer Games and Digital Entertainment - Computing Track, 2008, Belo Horizonte, MG, Brasil},
  pages={47--53},
  year={2008}
}

%---------------------------------------------------------------------------

@article{chertov:olb,
  title={{Optimistic Load Balancing in a Distributed Virtual Environment}},
  author={Chertov, R. and Fahmy, S.},
  journal={Proceedings of the 16th ACM International Workshop on Network and Operating Systems Support for Digital Audio and Video (NOSSDAV)},
  year={2006}
}

%---------------------------------------------------------------------------


%---------------------------------------------------------------------------

@article{darlagiannis2006ppa,
  title={{Peer-to-peer applications beyond file sharing: overlay network requirements and solutions}},
  author={Darlagiannis, V. and Heckmann, O. and Steinmetz, R.},
  journal={e \& i Elektrotechnik und Informationstechnik},
  volume={123},
  number={6},
  pages={242--250},
  year={2006},
  publisher={Springer}
}

%---------------------------------------------------------------------------

@article{hampel2006ppa,
  title={{A peer-to-peer architecture for massive multiplayer online games}},
  author={Hampel, T. and Bopp, T. and Hinn, R.},
  journal={Proceedings of 5th ACM SIGCOMM workshop on Network and system support for games},
  year={2006},
  publisher={ACM Press New York, NY, USA}
}

%---------------------------------------------------------------------------

@article{knutsson2004pps,
  title={{Peer-to-peer support for massively multiplayer games}},
  author={Knutsson, B. and Lu, H. and Xu, W. and Hopkins, B.},
  journal={IEEE Infocom},
  year={2004}
}

%---------------------------------------------------------------------------

@article{rieche2007ppb,
  title={{Peer-to-Peer-based Infrastructure Support for Massively Multiplayer Online Games}},
  author={Rieche, S. and Fouquet, M. and Niedermayer, H. and Petrak, L. and Wehrle, K. and Carle, G.},
  journal={Consumer Communications and Networking Conference, 2007. CCNC 2007. 2007 4th IEEE},
  pages={763--767},
  year={2007}
}

%---------------------------------------------------------------------------

@Misc{quake, author = "~{id Software}", title = "Quake", note = "http://www.idsoftware.com/games/quake/", year = "1996" } 

%---------------------------------------------------------------------------

@Misc{diablo2,
		author = "Blizzard",
		title = "Diablo 2",
		note = "http://www.idsoftware.com/games/quake/",
		year = "2000"
}

%---------------------------------------------------------------------------

@Misc{eveonline, 
    author = "CCP",
    title = "EVE Online",
    note = "http://www.eve-online.com/",
    year = "2003"
}

%---------------------------------------------------------------------------

@Misc{travian, 
    author = "Travian",
    title = "Travian",
    note = "http://www.travian.com/",
    year = "2004"
}

%---------------------------------------------------------------------------

@Misc{butterfly, 
    author = "IBM",
    title = "{Butterfly.net: powering next-generation gaming with on-demand computing}",
    year = "2003"
}

%---------------------------------------------------------------------------

@conference{wang2004gem,
  title={{A Grid-enabled Multi-server Network Game Architecture}},
  author={Wang, T. and Wang, C.L. and Lau, F.},
  booktitle={Proceedings of the 3rd International Conference on Application and Development of Computer Games},
  pages={26--27},
  year={2004}
}

%---------------------------------------------------------------------------

@article{morillo2006spp,
  title={{Solving the Partitioning Problem in Distributed Virtual Environment Systems Using Evolutive Algorithms}},
  author={Morillo, P. and M. Fern\'andez and Ordu\~na, J. M.},
  journal={Handbook of bioinspired algorithms},
  chapter={30},
  year={2006},
  publisher={Chapman \& Hall/CRC},
  pages={531--554}
}

%---------------------------------------------------------------------------

@article{devleeschauwer2005dma, 
	title={{Dynamic microcell assignment for massively multiplayer online gaming}},
	author={De Vleeschau{\-}wer, B. and Van Den Bossche, B. and Verdickt, T. and De Turck, F. and Dhoedt, B. and Demeester, P.},
	journal={Proceedings of 4th ACM SIGCOMM workshop on Network and system support for games},
	pages={1--7},
	year={2005},
	publisher={ACM Press New York, NY, USA}
}

%---------------------------------------------------------------------------

@article{lui2002epa,
  title={{An Efficient Partitioning Algorithm for Distributed Virtual Environment Systems}},
  author={Lui, J.C.S. and Chan, MF},
  journal={IEEE TRANSACTIONS ON PARALLEL AND DISTRIBUTED SYSTEMS},
  pages={193--211},
  year={2002},
  publisher={IEEE Computer Society}
}

%---------------------------------------------------------------------------

@article{kernighan1970ehp,
  title={{An efficient heuristic procedure for partitioning graphs}},
  author={Kernighan, B.W. and Lin, S.},
  journal={Bell System Technical Journal},
  volume={49},
  number={2},
  pages={291--307},
  year={1970}
}

%---------------------------------------------------------------------------

@article{karypis1999pmk,
  title={{Parallel multilevel k-way partitioning scheme for irregular graphs}},
  author={Karypis, G. and Kumar, V. and Army High Performance Computing Research Center and University of Minnesota},
  journal={SIAM Review},
  volume={41},
  number={2},
  pages={278--300},
  year={1999}
}

%---------------------------------------------------------------------------

@article{dutt1993nfk,
  title={{New faster Kernighan-Lin-type graph-partitioning algorithms}},
  author={Dutt, S.},
  journal={Computer-Aided Design, 1993. ICCAD-93. Digest of Technical Papers., 1993 IEEE/ACM International Conference on},
  pages={370--377},
  year={1993}
}

%---------------------------------------------------------------------------

@article{karypis1998mam,
  title={{Multilevel algorithms for multi-constraint graph partitioning}},
  author={Karypis, G. and Kumar, V.},
  journal={Proceedings of the 1998 ACM/IEEE conference on Supercomputing (CDROM)},
  pages={1--13},
  year={1998},
  organization={IEEE Computer Society Washington, DC, USA}
}

%---------------------------------------------------------------------------

@article{ratnasamy2002tao,
  author = "S. Ratnasamy and M. Handley and R. Karp and S. Shenker",
  title = "Topologicallyaware overlay construction and server selection",
  journal = "Proceedings of IEEE INFOCOM'02, New York, NY, June 2002.",
  year = "2002"
}
  
%---------------------------------------------------------------------------

@article{han2005tao,
  title={{Topology aware overlay networks}},
  author={Han, J. and Watson, D. and Jahanian, F.},
  journal={INFOCOM 2005. 24th Annual Joint Conference of the IEEE Computer and Communications Societies. Proceedings IEEE},
  volume={4},
  year={2005}
}

%---------------------------------------------------------------------------

@article{zhang2004cla,
  title={A construction of locality-aware overlay network: mOverlay and its performance},
  author={Zhang, X.Y. and Zhang, Q. and Zhang, Z. and Song, G. and Zhu, W.},
  journal={Selected Areas in Communications, IEEE Journal on},
  volume={22},
  number={1},
  pages={18--28},
  year={2004}
}

%---------------------------------------------------------------------------

@article{ta2008nas,
  title={{Network-Aware Server Placement for Highly Interactive Distributed Virtual Environments}},
  author={Duong Ta and Suiping Zhou and Wentong Cai and Xueyan Tang and Rassul Ayani},
  journal={Proceedings of the 12th IEEE International Symposium on Distributed Simulation and Real Time Applications, 2008, Vancouver, BC, Canadá},
  pages={95--102},
  year={2008}
}

%---------------------------------------------------------------------------

@article{muller2006csm,
  title={{On correctness of scalable multi-server state replication in online games}},
  author={M{\"u}ller, J. and G{\"o}ssling, A. and Gorlatch, S.},
  journal={Proceedings of 5th ACM SIGCOMM workshop on Network and system support for games},
  year={2006},
  organization={ACM Press New York, NY, USA}
}

%---------------------------------------------------------------------------

@article{moon2006emc,
  title={{Efficiently Maintaining Consistency Using Tree-Based P2P Network System in Distributed Network Games}},
  author={Moon, K.S. and Muthukkumarasamy, V. and Nguyen, A.T. and Pan, Z. and Aylett, R. and Diener, H. and Jin, X. and Gobel, S. and Li, L.},
  journal={LECTURE NOTES IN COMPUTER SCIENCE},
  volume={3942},
  pages={648},
  year={2006},
  publisher={Springer}
}

%---------------------------------------------------------------------------

@article{zhou2007cmh,
  title={{A Consistency Model for Highly Interactive Multi-player Online Games}},
  author={Zhou, S. and Shen, H.},
  journal={Annual Simulation Symposium: Proceedings of the 40 th Annual Simulation Symposium},
  volume={26},
  number={28},
  pages={318--323},
  year={2007}
}

%---------------------------------------------------------------------------

@misc{rowstron2001psd,
  title={Pastry: Scalable, distributed object location and routing for large-scale peer-to-peer systems},
  author={Rowstron, A. and Druschel, P.},
  year={2001}
}

%---------------------------------------------------------------------------

@article{zhao2004trg,
  title={Tapestry: a resilient global-scale overlay for service deployment},
  author={Zhao, BY and Huang, L. and Stribling, J. and Rhea, SC and Joseph, AD and Kubiatowicz, JD},
  journal={Selected Areas in Communications, IEEE Journal on},
  volume={22},
  number={1},
  pages={41--53},
  year={2004}
}

%---------------------------------------------------------------------------

@article{stoica2001csp,
  title={Chord: A scalable peer-to-peer lookup service for internet applications},
  author={Stoica, I. and Morris, R. and Karger, D. and Kaashoek, M.F. and Balakrishnan, H.},
  journal={Proceedings of the 2001 conference on Applications, technologies, architectures, and protocols for computer communications},
  pages={149--160},
  year={2001},
  organization={ACM New York, NY, USA}
}

%---------------------------------------------------------------------------

@article{kaashoek2003ksd,
  title={Koorde: A Simple Degree-Optimal Distributed Hash Table},
  author={Kaashoek, M.F. and Karger, D.R.},
  journal={LECTURE NOTES IN COMPUTER SCIENCE},
  pages={98--107},
  year={2003},
  publisher={Springer}
}

%---------------------------------------------------------------------------

@article{baumgart2007ofo,
  title={OverSim: A Flexible Overlay Network Simulation Framework},
  author={Baumgart, I. and Heep, B. and Krause, S.},
  journal={IEEE Global Internet Symposium, 2007},
  pages={79--84},
  year={2007}
}

%---------------------------------------------------------------------------

@article{ahmed2008dai,
  title={{A Dynamic Area of Interest Management and Collaboration Model for P2P MMOGs}},
  author={Dewan Tanvir Ahmed and Shervin Shirmohammadi},
  journal={Proceedings of the 12th IEEE International Symposium on Distributed Simulation and Real Time Applications, 2008, Vancouver, BC, Canadá},
  pages={27--34},
  year={2008}
}

%---------------------------------------------------------------------------

@article{minson2005aim,
  title={{An adaptive interest management scheme for distributed virtual environments}},
  author={Minson, R. and Theodoropoulos, G.},
  journal={Proc. of PADS '05},
  pages={273--281},
  year={2005}
}

%---------------------------------------------------------------------------

@article{feng2007wnn,
  title={{What's Next for Networked Games?}},
  author={~{Wu-chang} Feng},
  journal={Sixth annual Workshop on Network and Systems Support for Games (NetGames)},
  year={2007}
}

%---------------------------------------------------------------------------

@conference{adler2007cdr,
  title={{A Content-Driven Reputation System for the Wikipedia}},
  author={Adler, B.T. and de Alfaro, L.},
  booktitle={Proc. of WWW},
  volume={7},
  pages={261--270},
  year={2007}
}

%---------------------------------------------------------------------------

@article{bolze2006gls,
  title={{Grid'5000: A Large Scale And Highly Reconfigurable Experimental Grid Testbed}},
  author={Bolze, R. and Cappello, F. and Caron, E. and Dayde, M. and Desprez, F. and Jeannot, E. and Jegou, Y. and Lanteri, S. and Leduc, J. and Melab, N. and others},
  journal={International Journal of High Performance Computing Applications},
  volume={20},
  number={4},
  pages={481},
  year={2006}
}

%---------------------------------------------------------------------------

@article{rocha2007dmm,
  title={{Desenvolvendo um Motor Multiplataforma para Jogos 3D}},
  author={ROCHA, Rodrigo and BESSA, Aline and BEZERRA, Carlos E. B. and MEDEIROS, Ivan and OLIVEIRA, Caio and BANDEIRA, H.},
  journal={VI Brazilian Symposium on Computer Games and Digital Entertainment - Computing Track, 2008, São Leopoldo, RS, Brasil},
  year={2007}
}

%---------------------------------------------------------------------------

@article{mccanne:nsn,
  title={{Network simulator ns-2}},
  author={McCanne, S. and Floyd, S. and others},
  journal={Available for download at http://www.isi.edu/nsnam/ns},
  year={2006}
}

%---------------------------------------------------------------------------

@article{baccelli2004ssm,
  title={{A survey on solution methods for task graph models}},
  author={Baccelli, F. and Jean-Marie, A. and Liu, Z.},
  journal={Second QMIPS Workshop},
  year={2004},
  volume={26},
  number={14}
}

%===========================================================================

@Book{knuth:84,
  author = 	 {Donald E. Knuth},
  title = 	 {The {\TeX} Book},
  publisher = 	 {Addison-Wesley},
  year = 	 {1984},
  edition = 	 {15th}
}

%---------------------------------------------------------------------------

@InCollection{boulic:91,
  author = 	 {R. Boulic and O. Renault},
  title = 	 {3D Hierarchies for Animation},
  booktitle = 	 {New Trends in Animation and Visualization},
  publisher =    {John Wiley {\&} Sons ltd.},
  year = 	 {1991},
  editor = 	 {Nadia Magnenat-Thalmann and Daniel Thalmann}
}

%---------------------------------------------------------------------------

@InCollection{smith:99,
  author = 	 {A. Smith and B. Jones},
  title = 	 {On the Complexity of Computing},
  booktitle = 	 {Advances in Computer Science},
  pages = 	 {555--566},
  publisher =    {Publishing Press},
  year = 	 {1999},
  editor = 	 {A. B. Smith-Jones}
}

%---------------------------------------------------------------------------

@Misc{worldofwarcraft,
  author = "Blizzard",
  title = "World of Warcraft",  
  note = "http://www.worldofwarcraft.com/",
  year = "2004"
}

%---------------------------------------------------------------------------

@Misc{guildwars, author = "ArenaNet", title = "Guild Wars", note = "http://www.guildwars.com/", year = "2005" }

%---------------------------------------------------------------------------

@article{yan2005scc,
  title={{A systematic classification of cheating in online games}},
  author={Yan, J. and Randell, B.},
  journal={Proceedings of 4th ACM SIGCOMM workshop on Network and system support for games},
  pages={1--9},
  year={2005},
  publisher={ACM Press New York, NY, USA}
}

%---------------------------------------------------------------------------

@article{boulanger2006cim, title={{Comparing interest management algorithms for massively multiplayer games}}, author={Boulanger, J.S. and Kienzle, J. and Verbrugge, C.}, journal={Proceedings of 5th ACM SIGCOMM workshop on Network and system support for games}, year={2006}, publisher={ACM Press New York, NY, USA} }

%---------------------------------------------------------------------------

@article{kermarrec2003prd,
  title={{Probabilistic Reliable Dissemination in Large-Scale Systems}},
  author={Kermarrec, A.M. and Massouli{\'e}, L. and Ganesh, A.J.},
  journal={IEEE TRANSACTIONS ON PARALLEL AND DISTRIBUTED SYSTEMS},
  pages={248--258},
  year={2003},
  publisher={IEEE Computer Society}
}

%---------------------------------------------------------------------------

@article{smed2002rna,
  title={{A Review on Networking and Multiplayer Computer Games}},
  author={Smed, J. and Kaukoranta, T. and Hakonen, H.},
  journal={Turku Centre for Computer Science},
  year={2002}
}

%---------------------------------------------------------------------------

@article{yu2007nas,
  title={{Network-Aware State Update For Large Scale Mobile Games}},
  author={Yu, Y. and Li, Z. and Shi, L. and Chen, Y.C. and Xu, H.},
  journal={Computer Communications and Networks, 2007. ICCCN 2007. Proceedings of 16th International Conference on},
  pages={563--568},
  year={2007}
}

%---------------------------------------------------------------------------

@article{svoboda2007taa, title={{Traffic Analysis and Modeling for World of Warcraft}}, author={Svoboda, P. and Karner, W. and Rupp, M.}, journal={Communications, 2007. ICC'07. IEEE International Conference on}, pages={1612--1617}, year={2007} }

%---------------------------------------------------------------------------

@article{kim2005tcm, title={{Traffic characteristics of a massively multi-player online role playing game}}, author={Kim, J. and Choi, J. and Chang, D. and Kwon, T. and Choi, Y. and Yuk, E.}, journal={Proceedings of 4th ACM SIGCOMM workshop on Network and system support for games}, pages={1--8}, year={2005}, publisher={ACM Press New York, NY, USA} }

%---------------------------------------------------------------------------

@article{endo2005dam, title={{A distributed architecture for massively multiplayer online services with peer-to-peer support}}, author={Endo, K. and Kawahara, M. and Takahashi, Y.}, journal={Proceedings of NetCon'05}, year={2005}, publisher={Springer} }

%---------------------------------------------------------------------------

@article{fiedler2002cam,
  title={{A communication architecture for massive multiplayer games}},
  author={Fiedler, S. and Wallner, M. and Weber, M.},
  journal={Proceedings of the 1st workshop on Network and system support for games},
  pages={14--22},
  year={2002},
  publisher={ACM Press New York, NY, USA}
}

%---------------------------------------------------------------------------

@article{elsayed2004alm,
  title={{Application-Level Multicast Transmission Techniques over the Internet}},
  author={El-Sayed, A.},
  journal={University of Paris},
  year={2004},
  publisher={Ph D Thsis}
}

%---------------------------------------------------------------------------

@article{morse1996iml,
  title={{Interest management in large-scale distributed simulations}},
  author={Morse, K.L. and others},
  journal={Technical Report ICS-TR-96-27, University of California, Irvine},
  year={1996}
}

%---------------------------------------------------------------------------

@article{morgan2005imm,
  title={{Interest management middleware for networked games}},
  author={Morgan, G. and Lu, F. and Storey, K.},
  journal={Symposium on Interactive 3D Graphics: Proceedings of the 2005 symposium on Interactive 3D graphics and games},
  volume={3},
  number={06},
  pages={57--64},
  year={2005}
}

%---------------------------------------------------------------------------

@article{rak1996egb,

  title={{Evaluation of grid-based relevance filtering for multicast group assignment}},

  author={Rak, S.J. and Van{ }Hook, D.J.},

  journal={Proc. of 14th DIS workshop},

  pages={739--747},

  year={1996}

}

%---------------------------------------------------------------------------

@article{zou2001egt,

  title={{An evaluation of grouping techniques for state dissemination in networked multi-user games}},

  author={Zou, L. and Ammar, MH and Diot, C.},

  journal={Modeling, Analysis and Simulation of Computer and Telecommunication Systems, 2001. Proceedings. Ninth International Symposium on},

  pages={33--40},

  year={2001}

}

%---------------------------------------------------------------------------

@article{crippa2007pps,
  title={{Peer-to-peer support for instance-based massively multiplayer games}},
  author={Marcos Crippa and Fabio Cecin and Claudio Geyer},
  journal={Proceedings of the 6th Brazilian Symposium on Computer Games and Digital Entertainment, São Leopoldo, Brazil},
  year={2007}
}

%---------------------------------------------------------------------------

@misc{breu2007ogt,

  title={{Online-Games: Traffic Analysis of Popular Game Servers (Counter Strike: Source)}},

  author={Breu, L.},

  year={2007}

}

%---------------------------------------------------------------------------

@article{park2005nta,
  title={{Network Traffic Analysis and Modeling for Games}},
  author={Park, H. and Kim, T. and Kim, S.},
  journal={LECTURE NOTES IN COMPUTER SCIENCE},
  volume={3828},
  pages={1056},
  year={2005},
  publisher={Springer}
}

%---------------------------------------------------------------------------

@article{feng2005tcp,

  title={{A traffic characterization of popular on-line games}},

  author={Feng, W. and Chang, F. and Feng, W. and Walpole, J.},

  journal={Networking, IEEE/ACM Transactions on},

  volume={13},

  number={3},

  pages={488--500},

  year={2005}

}

%---------------------------------------------------------------------------

@article{fiduccia1982lth,
  title={{A Linear-Time Heuristic for Improving Network Partitions}},
  author={Fiduccia, CM and Mattheyses, RM},
  journal={Design Automation, 1982. 19th Conference on},
  pages={175--181},
  year={1982}
}

%---------------------------------------------------------------------------

@article{ahmed2008mol,
  title={{A Microcell Oriented Load Balancing Model for Collaborative Virtual Environments}},
  author={Ahmed, D.T. and Shirmohammadi, S.},
  journal={Virtual Environments, Human-Computer Interfaces and Measurement Systems, 2008. VECIMS 2008. IEEE Conference on},
  pages={86--91},
  year={2008}
}

%---------------------------------------------------------------------------

@article{orsila2007osm,
  title={{Optimal Subset Mapping And Convergence Evaluation of Mapping Algorithms for Distributing Task Graphs on Multiprocessor SoC}},
  author={Orsila, H. and Salminen, E. and Hannikainen, M. and Hamalainen, T.D.},
  journal={System-on-Chip, 2007 International Symposium on},
  pages={1--6},
  year={2007}
}

%---------------------------------------------------------------------------

@article{chen2002mpe,
  title={{Mesh Partitioning for Efficient Use of Distributed Systems}},
  author={Chen, J. and Taylor, V.E.},
  journal={IEEE TRANSACTIONS ON PARALLEL AND DISTRIBUTED SYSTEMS},
  pages={67--79},
  year={2002},
  publisher={IEEE Computer Society}
}

%---------------------------------------------------------------------------

@article{feder1999cgp,
  title={{Complexity of graph partition problems}},
  author={Feder, T. and Hell, P. and Klein, S. and Motwani, R.},
  journal={Proceedings of the thirty-first annual ACM symposium on Theory of computing},
  pages={464--472},
  year={1999},
  organization={ACM New York, NY, USA}
}

%---------------------------------------------------------------------------

@article{karypis1999fah,
  title={{A Fast and High Quality Multilevel Scheme for Partitioning Irregular Graphs}},
  author={Karypis, G. and Kumar, V.},
  journal={SIAM JOURNAL ON SCIENTIFIC COMPUTING},
  volume={20},
  pages={359--392},
  year={1999},
  publisher={SOCIETY FOR INDUSTRIAL AND APPLIED MATHEMATICS}
}

%---------------------------------------------------------------------------

@article{hendrickson1995isg,
  title={{An Improved Spectral Graph Partitioning Algorithm for Mapping Parallel Computations}},
  author={Hendrickson, B. and Leland, R.},
  journal={SIAM JOURNAL ON SCIENTIFIC COMPUTING},
  volume={16},
  pages={452--452},
  year={1995},
  publisher={SOCIETY FOR INDUSTRIAL AND APPLIED MATHEMATICS}
}

%---------------------------------------------------------------------------

@Misc{ageofempires,
  author = "Microsoft",
  title = "Age of Empires",
  note = "http://www.microsoft.com/games/empires/",
  year = "1997"
} 

%---------------------------------------------------------------------------

@article{bettstetter2004spr,
  title={{Stochastic Properties of the Random Waypoint Mobility Model}},
  author={Bettstetter, C. and Hartenstein, H. and P{\'e}rez-Costa, X.},
  journal={Wireless Networks},
  volume={10},
  number={5},
  pages={555--567},
  year={2004},
  publisher={Springer}
}