

%--------------------------------------------------------------

@inproceedings{cecin2004fsa,
  title={FreeMMG: A Scalable and Cheat-Resistant Distribution Model for Internet Games},
  author={Cecin, Fábio R. and Real, R. and Jannone, R. and Geyer, Cláudio F. R. and Martins, M. and Barbosa, J. L. V.},
  booktitle={Proceedings of the IEEE/ACM International Symposium on Distributed Simulation and Real-Time Applications, DS-RT, 8.},
  address={Budapest, Hungary},
  publisher={Washington, DC: IEEE},
  pages={83--90},
  year={2004}
}

%--------------------------------------------------------------

@conference{cecin2004fhp,
  title={{FreeMMG: a hybrid peer-to-peer and client-server model for massively multiplayer games}},
  author={Cecin, F. R. and de Oliveira Jannone, R. and Geyer, C.F.R. and Martins, M.G. and Barbosa, J. L. V.},
  booktitle={Proceedings of 3rd ACM SIGCOMM workshop on Network and system support for games},
  pages={172--172},
  year={2004},
  organization={ACM New York, NY, USA}
}

%--------------------------------------------------------------

@inproceedings{cecin2006pps,
  title={{A peer-to-peer simulation technique for instanced massively multiplayer games}},
  author={Cecin, Fábio R. and Geyer, Cláudio F. R. and Rabello, S. and Barbosa, J. L. V.},
  booktitle={Proceedings of the IEEE/ACM International Symposium on Distributed Simulation and Real-Time Applications, DS-RT, 10.},
  address={Torremolinos, Spain},
  publisher={Washington, DC: IEEE},
  pages={43--50},
  year={2006}
}

%--------------------------------------------------------------

@article{cecin2006coc,
  title={{A communication optimization for conservative interactive simulators}},
  author={Cecin, FR and Barbosa, JLV and Geyer, CFR},
  journal={IEEE Communications Letters},
  volume={10},
  number={9},
  pages={686--688},
  year={2006}
}

%-------------------------------------------------------------

@Misc{starcraft, 
    author = "Blizzard",
    title = {{Starcraft}},
    note = "\gamecite{1998}{http://www.blizzard.com/starcraft/}",
    year = "1998"
}

%-------------------------------------------------------------

@Misc{halflife, 
    author = "Valve",
    title = "Half-Life",
    note = "\gamecite{1998}{http://www.half-life.com/}",
    year = "1998"
}

%-------------------------------------------------------------

@Misc{counterstrike, 
    author = "Valve",
    title = "Counter-Strike",
    note = "\gamecite{2000}{http://www.counter-strike.net/}",
    year = "2000"
}

%-------------------------------------------------------------

@Misc{warcraft3, 
    author = "Blizzard",
    title = "Warcraft III",
    note = "http://www.blizzard.com/war3/",
    year = "2002"
}

%--------------------------------------------------------------

@Misc{lineage2, 
    author = "NCsoft",
    title = "Lineage II",
    note = "\gamecite{2003}{http://www.lineage2.com/}",
    year = "2003"
}

%---------------------------------------------------------------------------

@Misc{ragnarok, 
    author = "Gravity",
    title = "Raganarök Online",
    note = "\gamecite{2001}{http://www.ragnarokonline.com/}",
    year = "2001"
}

%---------------------------------------------------------------------------

@inproceedings{chen2006pch,
  title={{Peer clustering: a hybrid approach to distributed virtual environments}},
  author={Chen, A. and Muntz, R.R.},
  booktitle={Proceedings of the ACM SIGCOMM workshop on Network and system support for games, NetGames, 5.},
  address={Singapore},
  year={2006},
  publisher={New York: ACM},
  pages = {11}
}

%---------------------------------------------------------------------------

@inproceedings{schiele2007rpp,
  title={{Requirements of Peer-to-Peer-based Massively Multiplayer Online Gaming}},
  author={Schiele, G. and others},
  booktitle={Proceedings of the IEEE International Symposium on Cluster Computing and the Grid, CCGRID, 7.},
  address={Rio de Janeiro},
  pages={773--782},
  year={2007},
  publisher={Washington, DC: IEEE}
}

%--------------------------------------------------------------

@Misc{indigente, 
    author = "Indigente",
    title = "Interactive Digital Entertainment",
    note = "Grupo de pesquisa na área de jogos da UFBA, formado em abril de 2004. http://indigente.dcc.ufba.br/",
    year = "2004",    
}

%--------------------------------------------------------------

@article{lamport1982bgp,
  title={{The Byzantine Generals Problem}},
  author={Lamport, L. and Shostak, R. and Pease, M.},
  journal={ACM Transactions on Programming Languages and Systems (TOPLAS)},
  volume={4},
  number={3},
  pages={382--401},
  year={1982},
  publisher={ACM Press New York, NY, USA}
}

%--------------------------------------------------------------

@article{elrhalibi2005abm,
  title={{Agents-based modeling for a peer-to-peer MMOG architecture}},
  author={El Rhalibi, A. and Merabti, M.},
  journal={Computers in Entertainment (CIE)},
  volume={3},
  number={2},
  pages={3--3},
  year={2005},
  publisher={ACM Press New York, NY, USA}
}

%---------------------------------------------------------------------------

@inproceedings{iimura2004zfg,
  title={Zoned federation of game servers: a peer-to-peer approach to scalable multi-player online games},
  author={Iimura, T. and Hazeyama, H. and Kado{\-}baya{\-}shi, Y.},
  booktitle={Proceedings of the ACM SIGCOMM workshop on Network and system support for games, NetGames, 3.},
  address={Portland, USA},
  pages={116--120},
  year={2004},
  publisher={New York: ACM}
}

%---------------------------------------------------------------------------

@inproceedings{lee2003sdl,
  title={{A scalable dynamic load distribution scheme for multi-server distributed virtual environment systems with highly-skewed user distribution}},
  author={Lee, K. and Lee, D.},
  booktitle={Proceedings of the ACM symposium on Virtual reality software and technology},
  address={Osaka, Japan},
  pages={160--168},
  year={2003},
  publisher={New York: ACM}
}

%---------------------------------------------------------------------------

@inproceedings{ng2002msa,
  title={{A multi-server architecture for distributed virtual walkthrough}},
  author={Ng, B. and others},
  booktitle={Proceedings of the ACM symposium on Virtual reality software and technology, VRST},
  address={Hong Kong},
  pages={163--170},
  year={2002},
  publisher={New York: ACM}
}

%---------------------------------------------------------------------------

@inproceedings{assiotis2006dam,
  title={{A distributed architecture for MMORPG}},
  author={Assiotis, M. and Tzanov, V.},
  booktitle={Proceedings of the ACM SIGCOMM workshop on Network and system support for games, NetGames, 5.},
  address={Singapore},
  publisher={New York: ACM},
  pages={4},
  year={2006}
}

%---------------------------------------------------------------------------

@inproceedings{bezerra2008a3,
  title={A3: a novel interest management algorithm for distributed simulations of MMOGs},
  author={Bezerra, Carlos Eduardo B. and Cecin, Fábio R. and Geyer, Cláudio F. R.},
  booktitle={Proceedings of the IEEE/ACM International Symposium on Distributed Simulation and Real-Time Applications, DS-RT, 12.},
  address={Vancouver, Canada},
  publisher={Washington, DC: IEEE},
  pages={35--42},
  year={2008}
}

%---------------------------------------------------------------------------

@inproceedings{vilanova2008psm,
  title={{P2PSE - A Peer-to-Peer Support for Multiplayer Games}},
  author={Vilanova, Felipe J. and Bezerra, Carlos Eduardo B. and Crippa, Marcos Rates and Cecin, Fábio R. and Geyer, Cláudio F. R.},
  booktitle={Proceedings of the Brazilian Symposium on Computer Games and Digital Entertainment - Computing Track, SBGames, 7.},
  address={Belo Horizonte},
  publisher={[S.l.]: Sociedade Brasileira de Computação - SBC},
  pages={47--53},
  year={2008}
}

%---------------------------------------------------------------------------

@inproceedings{chertov:olb,
  title={{Optimistic Load Balancing in a Distributed Virtual Environment}},
  author={Chertov, R. and Fahmy, S.},
  booktitle={Proceedings of the ACM International Workshop on Network and Operating Systems Support for Digital Audio and Video, NOSSDAV, 16.},
  address={Newport, USA},
  publisher={New York: ACM},
  pages = {1--6},
  year={2006}
}

%---------------------------------------------------------------------------


%---------------------------------------------------------------------------

@article{darlagiannis2006ppa,
  title={{Peer-to-peer applications beyond file sharing: overlay network requirements and solutions}},
  author={Darlagiannis, V. and Heckmann, O. and Steinmetz, R.},
  journal={e \& i Elektrotechnik und Informationstechnik},
  volume={123},
  number={6},
  pages={242--250},
  year={2006},
  publisher={Springer}
}

%---------------------------------------------------------------------------

@inproceedings{hampel2006ppa,
  title={{A peer-to-peer architecture for massive multiplayer online games}},
  author={Hampel, T. and Bopp, T. and Hinn, R.},
  booktitle={Proceedings of the ACM SIGCOMM workshop on Network and system support for games, NetGames, 5.},
  address={Singapore},
  year={2006},
  pages={48},
  publisher={New York: ACM}
}

%---------------------------------------------------------------------------

@inproceedings{knutsson2004pps,
  title={{Peer-to-peer support for massively multiplayer games}},
  author={Knutsson, B. and others},
  booktitle={Proceedings of the IEEE Annual Joint Conference of the IEEE Computer and Communications Societies, INFOCOM, 23.},
  address={Hong Kong},
  publisher={[S.l.]: IEEE},
  pages={96--107},
  year={2004}
}

%---------------------------------------------------------------------------

@inproceedings{rieche2007ppb,
  title={{Peer-to-Peer-based Infrastructure Support for Massively Multiplayer Online Games}},
  author={Rieche, S. and others},
  booktitle={Proceedings of the 4th IEEE Consumer Communications and Networking Conference, CCNC, 4.},
  address={Las Vegas, NV},
  publisher={[S.l.]: IEEE},
  pages={763--767},
  year={2007}
}

%---------------------------------------------------------------------------

@Misc{quake, author = "~{ID SOFTWARE}", title = "Quake", note = "\gamecite{1996}{http://www.idsoftware.com/}", year = "1996" } 

%---------------------------------------------------------------------------

@Misc{diablo2,
		author = "Blizzard",
		title = "Diablo 2",
		note = "\gamecite{2000}{http://www.blizzard.com/diablo2/}",
		year = "2000"
}

%---------------------------------------------------------------------------

@Misc{eveonline, 
    author = "CCP",
    title = "EVE Online",
    note = {\gamecite{2003}{http://www.eve-online.com/}},
    year = "2003"
}

%---------------------------------------------------------------------------

@Misc{travian, 
    author = "Travian",
    title = "Travian",
    note = {\gamecite{2004}{http://www.travian.com/}},
    year = "2004"
}

%---------------------------------------------------------------------------

@Misc{butterfly, 
    author = "IBM",
    title = "{Butterfly.net: powering next-generation gaming with on-demand computing}",
    year = "2003"
}

%---------------------------------------------------------------------------

@conference{wang2004gem,
  title={{A Grid-enabled Multi-server Network Game Architecture}},
  author={Wang, T. and Wang, C.L. and Lau, F.},
  booktitle={Proceedings of the 3rd International Conference on Application and Development of Computer Games},
  pages={26--27},
  year={2004}
}

%---------------------------------------------------------------------------

@article{morillo2006spp,
  title={{Solving the Partitioning Problem in Distributed Virtual Environment Systems Using Evolutive Algorithms}},
  author={Morillo, P. and M. Fern\'andez and Ordu\~na, J. M.},
  journal={Handbook of bioinspired algorithms},
  chapter={30},
  year={2006},
  publisher={Chapman \& Hall/CRC},
  pages={531--554}
}

%---------------------------------------------------------------------------

@inproceedings{devleeschauwer2005dma,
	title={{Dynamic microcell assignment for massively multiplayer online gaming}},
	author={De Vleeschau{\-}wer, B. and others},
	booktitle={Proceedings of the ACM SIGCOMM workshop on Network and system support for games, NetGames, 4.},
	address={Hawthorne, NY},
	pages={1--7},
	year={2005},
	publisher={New York: ACM}
}

%---------------------------------------------------------------------------

@article{lui2002epa,
  title={{An Efficient Partitioning Algorithm for Distributed Virtual Environment Systems}},
  author={Lui, J.C.S. and Chan, MF},
  journal={IEEE TRANSACTIONS ON PARALLEL AND DISTRIBUTED SYSTEMS},
  pages={193--211},
  year={2002},
  publisher={IEEE Computer Society}
}

%---------------------------------------------------------------------------

@article{kernighan1970ehp,
  title={{An efficient heuristic procedure for partitioning graphs}},
  author={Kernighan, B.W. and Lin, S.},
  journal={Bell System Technical Journal},
  volume={49},
  number={2},
  pages={291--307},
  year={1970}
}

%---------------------------------------------------------------------------

@article{karypis1999pmk,
  title={{Parallel multilevel k-way partitioning scheme for irregular graphs}},
  author={Karypis, G. and others},
  address={Philadelphia, PA, USA},
  journal={SIAM Review},
  volume={41},
  number={2},
  pages={278--300},
  month={June},
  year={1999}
}

%---------------------------------------------------------------------------

@article{dutt1993nfk,
  title={{New faster Kernighan-Lin-type graph-partitioning algorithms}},
  author={Dutt, S.},
  journal={Computer-Aided Design, 1993. ICCAD-93. Digest of Technical Papers., 1993 IEEE/ACM International Conference on},
  pages={370--377},
  year={1993}
}

%---------------------------------------------------------------------------

@inproceedings{karypis1998mam,
  title={{Multilevel algorithms for multi-constraint graph partitioning}},
  author={Karypis, G. and Kumar, V.},
  booktitle={Proceedings of the ACM/IEEE Conference on Supercomputing},
  address={Orlando, FL},
  pages={1--13},
  year={1998},
  publisher={Washington, DC: IEEE}
}

%---------------------------------------------------------------------------

@inproceedings{ratnasamy2002tao,
  author = "S. Ratnasamy and others",
  title = "Topologically aware overlay construction and server selection",
  booktitle = {Proceedings of the IEEE Annual Joint Conference of the IEEE Computer and Communications Societies, INFOCOM, 21.},
  address={New York},
  pages={1190--1199},
  publisher={[S.l.]: IEEE},
  month={June},  
  year = "2002"
}
  
%---------------------------------------------------------------------------

@inproceedings{han2005tao,
  title={{Topology aware overlay networks}},
  author={Han, J. and Watson, D. and Jahanian, F.},
  booktitle={Proceedings of the IEEE Annual Joint Conference of the IEEE Computer and Communications Societies, INFOCOM, 24.},
  address={Miami, FL},  
  volume={4},
  pages={2554--2565},
  publisher={[S.l.]: IEEE},
  year={2005}
}

%---------------------------------------------------------------------------

@article{zhang2004cla,
  title={A construction of locality-aware overlay network: mOverlay and its performance},
  author={Zhang, X.Y. and others},
  journal={IEEE Journal on Selected Areas in Communications},
  volume={22},
  number={1},
  pages={18--28},
  year={2004}
}

%---------------------------------------------------------------------------

@inproceedings{ta2008nas,
  title={{Network-Aware Server Placement for Highly Interactive Distributed Virtual Environments}},
  author={Duong Ta and others},
  booktitle={Proceedings of the IEEE/ACM International Symposium on Distributed Simulation and Real-Time Applications, DS-RT, 12.},
  address={Vancouver, Canada},
  publisher={Washington, DC: IEEE},
  pages={95--102},
  year={2008}
}

%---------------------------------------------------------------------------

@inproceedings{muller2006csm,
  title={{On correctness of scalable multi-server state replication in online games}},
  author={M{\"u}ller, J. and G{\"o}ssling, A. and Gorlatch, S.},
  booktitle={Proceedings of the ACM SIGCOMM workshop on Network and system support for games, NetGames, 5.},
  address={Singapore},
  year={2006},
  pages={21},
  publisher={New York: ACM}
}

%---------------------------------------------------------------------------

@inproceedings{moon2006emc,
  title={{Efficiently Maintaining Consistency Using Tree-Based P2P Network System in Distributed Network Games}},
  author={Moon, K.S. and others},
  booktitle={Proceedings of the INTERNATIONAL CONFERENCE ON TECHNOLOGIES FOR E-LEARNING AND DIGITAL ENTERTAINMENT, EDUTAINMENT, 1.},
  address={Hangzhou, China},  
  pages={648--657},
  year={2006},
  publisher={Berlin: Springer},
  note={(Lecture Notes in Computer Science, v. 3942)}
}

%---------------------------------------------------------------------------

@inproceedings{zhou2007cmh,
  title={{A Consistency Model for Highly Interactive Multi-player Online Games}},
  author={Zhou, S. and Shen, H.},
  booktitle={Proceedings of the Annual Simulation Symposium, ANSS, 40.},
  address={Norfolk, Virginia},
  publisher={Washington, DC: IEEE},
  pages={318--323},
  year={2007}
}

%---------------------------------------------------------------------------

@inproceedings{rowstron2001psd,
  title={{Pastry: Scalable, distributed object location and routing for large-scale peer-to-peer systems}},
  author={Rowstron, A. and Druschel, P.},
  booktitle={Proceedings of the IFIP/ACM International Conference on Distributed Systems Platforms},
  address={Heidelberg, Germany},
  publisher={London, UK: Springer-Verlag},
  pages={329--350},
  year={2001}
}

%---------------------------------------------------------------------------

@article{zhao2004trg,
  title={Tapestry: a resilient global-scale overlay for service deployment},
  author={Zhao, B. and others},
  journal={IEEE Journal on Selected Areas in Communications},
  volume={22},
  number={1},
  pages={41--53},
  year={2004}
}

%---------------------------------------------------------------------------

@inproceedings{stoica2001csp,
  title={Chord: A scalable peer-to-peer lookup service for internet applications},
  author={Stoica, I. and others},
  booktitle={Proceedings of the Conference on Applications, Technologies, Architectures, and Protocols for Computer Communications, SIGCOMM},
  address={San Diego, CA},
  pages={149--160},
  year={2001},
  publisher={New York: ACM}
}

%---------------------------------------------------------------------------

@revisedpapers{kaashoek2003ksd,
  title="{Koorde: A Simple Degree-Optimal Distributed Hash Table}",
  address={Berkeley, CA},
  author={Kaashoek, M.F. and Karger, D.R.},
  booktitle={INTERNATIONAL WORKSHOP ON PEER-TO-PEER SYSTEMS, IPTPS, 2.},
  year={2003},
  publisher={Berlin: Springer},
  pages={98--107},
  note={(Lecture Notes in Computer Science, v. 2735)}
}

%---------------------------------------------------------------------------

@inproceedings{baumgart2007ofo,
  title={OverSim: A Flexible Overlay Network Simulation Framework},
  author={Baumgart, I. and Heep, B. and Krause, S.},
  booktitle={Proceedings of the IEEE Global Internet Symposium},
  address={Anchorage, USA},
  publisher={[S.l.]: IEEE},
  pages={79--84},
  year={2007}
}

%---------------------------------------------------------------------------

@inproceedings{ahmed2008dai,
  title={{A Dynamic Area of Interest Management and Collaboration Model for P2P MMOGs}},
  author={Dewan Tanvir Ahmed and Shervin Shirmohammadi},
  booktitle={Proceedings of the IEEE/ACM International Symposium on Distributed Simulation and Real-Time Applications, DS-RT, 12.},
  address={Vancouver, Canada},
  publisher={Washington, DC: IEEE},
  pages={27--34},
  year={2008}
}

%---------------------------------------------------------------------------

@inproceedings{minson2005aim,
  title={{An adaptive interest management scheme for distributed virtual environments}},
  author={Minson, R. and Theodoropoulos, G.},
  booktitle={Proceedings of the ACM/IEEE/SCS Workshop on Principles of Advanced and Distributed Simulation, PADS, 19.},
  address={Monterey, CA},
  publisher={Washington, DC: IEEE},
  pages={273--281},
  year={2005}
}

%---------------------------------------------------------------------------

@misc{feng2007wnn,
  title={{What's Next for Networked Games?}},
  author={~{Wu-chang} Feng},
  note={\misccite{2007}{http://www.thefengs.com/wuchang/work/}. (NetGames 2007 keynote talk, nov. 2007)},
  year={2007}
}

%---------------------------------------------------------------------------


%---------------------------------------------------------------------------

@article{bolze2006gls,
  title={{Grid'5000: A Large Scale And Highly Reconfigurable Experimental Grid Testbed}},
  author={Bolze, R. and Cappello, F. and Caron, E. and Dayde, M. and Desprez, F. and Jeannot, E. and Jegou, Y. and Lanteri, S. and Leduc, J. and Melab, N. and others},
  journal={International Journal of High Performance Computing Applications},
  volume={20},
  number={4},
  pages={481},
  year={2006}
}

%---------------------------------------------------------------------------

@article{rocha2007dmm,
  title={{Desenvolvendo um Motor Multiplataforma para Jogos 3D}},
  author={ROCHA, Rodrigo and BESSA, Aline and BEZERRA, Carlos E. B. and MEDEIROS, Ivan and OLIVEIRA, Caio and BANDEIRA, H.},
  journal={VI Brazilian Symposium on Computer Games and Digital Entertainment - Computing Track, 2008, São Leopoldo, RS, Brasil},
  year={2007}
}

%---------------------------------------------------------------------------

@misc{mccanne:nsn,
  title={{Network simulator ns-2}},
  author={McCanne, S. and Floyd, S. and others},
  note={\misccite{2006}{http://www.isi.edu/nsnam/ns}},
  year={2006}
}

%---------------------------------------------------------------------------

@inproceedings{baccelli2004ssm,
  title={{A survey on solution methods for task graph models}},
  author={Baccelli, F. and Jean-Marie, A. and Liu, Z.},
  booktitle={Proceedings of the Workshop on Quantitative Methods In Parallel Systems, QMIPS, 2.},
  address={Erlangen, Germany},
  year={1993},
  pages={163--183}
}

%===========================================================================

@Book{knuth:84,
  author = 	 {Donald E. Knuth},
  title = 	 {The {\TeX} Book},
  publisher = 	 {Addison-Wesley},
  year = 	 {1984},
  edition = 	 {15th}
}

%---------------------------------------------------------------------------

@InCollection{boulic:91,
  author = 	 {R. Boulic and O. Renault},
  title = 	 {3D Hierarchies for Animation},
  booktitle = 	 {New Trends in Animation and Visualization},
  publisher =    {John Wiley {\&} Sons ltd.},
  year = 	 {1991},
  editor = 	 {Nadia Magnenat-Thalmann and Daniel Thalmann}
}

%---------------------------------------------------------------------------

@InCollection{smith:99,
  author = 	 {A. Smith and B. Jones},
  title = 	 {On the Complexity of Computing},
  booktitle = 	 {Advances in Computer Science},
  pages = 	 {555--566},
  publisher =    {Publishing Press},
  year = 	 {1999},
  editor = 	 {A. B. Smith-Jones}
}

%---------------------------------------------------------------------------

@Misc{worldofwarcraft,
  author = "Blizzard",
  title = "World of Warcraft",  
  note = "\gamecite{2004}{http://www.worldofwarcraft.com/}",
  year = "2004"
}

%---------------------------------------------------------------------------

@Misc{guildwars,
	author = "ArenaNet",
	title = "Guild Wars",
	note = "\gamecite{2005}{http://www.guildwars.com/}",
	year = "2005"
}

%---------------------------------------------------------------------------

@article{yan2005scc,
  title={{A systematic classification of cheating in online games}},
  author={Yan, J. and Randell, B.},
  journal={Proceedings of 4th ACM SIGCOMM workshop on Network and system support for games},
  pages={1--9},
  year={2005},
  publisher={ACM Press New York, NY, USA}
}

%---------------------------------------------------------------------------

@inproceedings{boulanger2006cim,
	title={{Comparing interest management algorithms for massively multiplayer games}},
	author={Boulanger, J.S. and Kienzle, J. and Verbrugge, C.},
	booktitle={Proceedings of the ACM SIGCOMM workshop on Network and system support for games, NetGames, 5.},
	address={Singapore},
	year={2006},
	pages={6},
	publisher={New York: ACM}
}

%---------------------------------------------------------------------------

@article{kermarrec2003prd,
  title={{Probabilistic Reliable Dissemination in Large-Scale Systems}},
  author={Kermarrec, A.M. and Massouli{\'e}, L. and Ganesh, A.J.},
  journal={IEEE TRANSACTIONS ON PARALLEL AND DISTRIBUTED SYSTEMS},
  pages={248--258},
  year={2003},
  publisher={IEEE Computer Society}
}

%---------------------------------------------------------------------------

@book{smed2002rna,
  title={{A Review on Networking and Multiplayer Computer Games}},
  author={Smed, J. and Kaukoranta, T. and Hakonen, H.},
  address={Turku, Finland},
  publisher={Turku Centre for Computer Science},
  note={(TUCS Technical Report No 454)},
  year={2002}
}

%---------------------------------------------------------------------------

@inproceedings{yu2007nas,
  title={{Network-Aware State Update For Large Scale Mobile Games}},
  author={Yu, Y. and others},
  booktitle={Proceedings of the International Conference on Computer Communications and Networks, ICCCN, 16.},
  address={Honolulu, Hawaii},
  publisher={[S.l.]: IEEE},
  pages={563--568},
  year={2007}
}

%---------------------------------------------------------------------------

@inproceedings{svoboda2007taa,
	title={{Traffic Analysis and Modeling for World of Warcraft}},
	author={Svoboda, P. and Karner, W. and Rupp, M.},
	booktitle={Proceedings of the IEEE International Conference on Communications, ICC},
	address={Glasgow, Scotland},
	publisher={[S.l.]: IEEE},
	pages={1612--1617},
	year={2007}
}

%---------------------------------------------------------------------------

@inproceedings{kim2005tcm,
	title={{Traffic characteristics of a massively multi-player online role playing game}},
	author={Kim, J. and others},
	booktitle={Proceedings of the ACM SIGCOMM workshop on Network and system support for games, NetGames, 4.},
	address={Hawthorne, NY},
	pages={1--8},
	year={2005},
	publisher={New York: ACM}
}

%---------------------------------------------------------------------------

@article{endo2005dam, title={{A distributed architecture for massively multiplayer online services with peer-to-peer support}}, author={Endo, K. and Kawahara, M. and Takahashi, Y.}, journal={Proceedings of NetCon'05}, year={2005}, publisher={Springer} }

%---------------------------------------------------------------------------

@article{fiedler2002cam,
  title={{A communication architecture for massive multiplayer games}},
  author={Fiedler, S. and Wallner, M. and Weber, M.},
  journal={Proceedings of the 1st workshop on Network and system support for games},
  pages={14--22},
  year={2002},
  publisher={ACM Press New York, NY, USA}
}

%---------------------------------------------------------------------------

@phdthesis{elsayed2004alm,
  title={{Application-Level Multicast Transmission Techniques over the Internet}},
  author={El-Sayed, A.},
  school={Institut National Polytechnique de Grenoble, Grenoble, 2004},
  pages={163},
  year={2004}
}

%---------------------------------------------------------------------------

@misc{morse1996iml,
  title={{Interest management in large-scale distributed simulations}},
  author={Morse, K.L. and others},  
  note={Irvine, CA: University of California, 1996. (Technical Report ICS-TR-96-27)},
  year={1996}
}

%---------------------------------------------------------------------------

@inproceedings{morgan2005imm,
  title={{Interest management middleware for networked games}},
  author={Morgan, G. and Lu, F. and Storey, K.},
  booktitle={Proceedings of the Symposium on Interactive 3D Graphics and Games, SIGGRAPH, 32.},
  address={Los Angeles, CA},
  publisher={New York: ACM},
  pages={57--64},
  year={2005}
}

%---------------------------------------------------------------------------

@inproceedings{rak1996egb,
  title={{Evaluation of grid-based relevance filtering for multicast group assignment}},
  author={Rak, S.J. and Van{ }Hook, D.J.},
  booktitle={Proceedings of the Workshop on Standards for the Interoperability of Distributed Simulations, DIS, 14.},
  publisher={},  
  pages={739--747},
  year={1996}

}

%---------------------------------------------------------------------------

@inproceedings{zou2001egt,
  title={{An evaluation of grouping techniques for state dissemination in networked multi-user games}},
  author={Zou, L. and Ammar, MH and Diot, C.},
  booktitle={Proceedings of the International Symposium on Modeling, Analysis and Simulation of Computer and Telecommunication Systems, MASCOTS, 9.},
  address={Cincinnati, Ohio},
  publisher={Washington, DC: IEEE},
  pages={33--40},
  year={2001}
}

%---------------------------------------------------------------------------

@article{crippa2007pps,
  title={{Peer-to-peer support for instance-based massively multiplayer games}},
  author={Marcos Crippa and Fabio Cecin and Claudio Geyer},
  journal={Proceedings of the 6th Brazilian Symposium on Computer Games and Digital Entertainment, São Leopoldo, Brazil},
  year={2007}
}

%---------------------------------------------------------------------------

@misc{breu2007ogt,

  title={{Online-Games: Traffic Analysis of Popular Game Servers (Counter Strike: Source)}},

  author={Breu, L.},

  year={2007}

}

%---------------------------------------------------------------------------

@article{park2005nta,
  title={{Network Traffic Analysis and Modeling for Games}},
  author={Park, H. and Kim, T. and Kim, S.},
  journal={LECTURE NOTES IN COMPUTER SCIENCE},
  volume={3828},
  pages={1056},
  year={2005},
  publisher={Springer}
}

%---------------------------------------------------------------------------

@article{feng2005tcp,

  title={{A traffic characterization of popular on-line games}},

  author={Feng, W. and Chang, F. and Feng, W. and Walpole, J.},

  journal={Networking, IEEE/ACM Transactions on},

  volume={13},

  number={3},

  pages={488--500},

  year={2005}

}

%---------------------------------------------------------------------------

@inproceedings{fiduccia1982lth,
  title={{A Linear-Time Heuristic for Improving Network Partitions}},
  author={Fiduccia, CM and Mattheyses, RM},
  booktitle={Proceedings of the Conference on Design Automation, 19.},
  address={Las Vegas, NV},
  publisher={New York: ACM},
  pages={175--181},
  year={1982}
}

%---------------------------------------------------------------------------

@inproceedings{adler2007cdr,
  title={{A Content-Driven Reputation System for the Wikipedia}},
  author={Adler, B. T. and de Alfaro, L.},
  booktitle={Proceedings of the International conference on world wide web, www, 16.},
  address={Banff, Canada},
  publisher={New York: ACM},
  volume={7},
  pages={261--270},
  year={2007}
}

@inproceedings{ahmed2008mol,
  title={{A Microcell Oriented Load Balancing Model for Collaborative Virtual Environments}},
  author={Ahmed, D.T. and Shirmohammadi, S.},
  booktitle={VECIMS},
  address={Istanbul, Turkey},  
  pages={86--91},
  year={2008}
}

%---------------------------------------------------------------------------

@inproceedings{orsila2007osm,
  title={{Optimal Subset Mapping And Convergence Evaluation of Mapping Algorithms for Distributing Task Graphs on Multiprocessor SoC}},
  author={Orsila, H. and others},
  booktitle={Proceedings of the International Symposium on System-on-Chip},
  address={Tampere, Finland},
  publisher={[S.l.]: IEEE},
  pages={1--6},
  year={2007}
}

%---------------------------------------------------------------------------

@article{chen2002mpe,
  title={{Mesh Partitioning for Efficient Use of Distributed Systems}},
  author={Chen, J. and Taylor, V.E.},
  journal={IEEE Transactions on Parallel and Distributed Systems},
  address={New York},
  volume={13},
  number={1},
  pages={67--79},
  month={Jan.},
  year={2002},
  publisher={IEEE Computer Society}
}

%---------------------------------------------------------------------------

@inproceedings{feder1999cgp,
  title={{Complexity of graph partition problems}},
  author={Feder, T. and others},
  booktitle={Proceedings of the ACM Symposium on Theory of Computing, STOC, 31.},
  address={Atlanta, GA},
  pages={464--472},
  year={1999},
  publisher={New York: ACM}
}

%---------------------------------------------------------------------------

@article{karypis1999fah,
  title={{A Fast and High Quality Multilevel Scheme for Partitioning Irregular Graphs}},
  author={Karypis, G. and Kumar, V.},
  journal={SIAM Journal on Scientific Computing},
  address={Philadelphia, PA, USA},
  volume={20},
  number={1},
  pages={359--392},
  month={Aug.},
  year={1998},
  publisher={SOCIETY FOR INDUSTRIAL AND APPLIED MATHEMATICS}
}

%---------------------------------------------------------------------------

@article{hendrickson1995isg,
  title={{An Improved Spectral Graph Partitioning Algorithm for Mapping Parallel Computations}},
  author={Hendrickson, B. and Leland, R.},
  journal={SIAM Journal on Scientific Computing},
  address={Philadelphia, PA, USA},
  volume={16},
  number={2},
  pages={452--452},
  month={Mar.},
  year={1995},
  publisher={SOCIETY FOR INDUSTRIAL AND APPLIED MATHEMATICS}
}

%---------------------------------------------------------------------------

@Misc{ageofempires,
  author = "Microsoft",
  title = "Age of Empires",
  note = "\gamecite{1997}{http://www.microsoft.com/games/empires/}",
  year = "1997"
} 

%---------------------------------------------------------------------------

@inproceedings{bettstetter2004spr,
  title={{Stochastic Properties of the Random Waypoint Mobility Model: epoch length, direction distribution, and cell change rate}},
  author={Bettstetter, C. and Hartenstein, H. and P{\'e}rez-Costa, X.},
  booktitle={Proceedings of the ACM international workshop on Modeling analysis and simulation of wireless and mobile systems, 5.},
  address={Atlanta, GA},
  pages={7-14},
  year={2002},
  publisher={New York: ACM}
}

%---------------------------------------------------------------------------

@article{benford2001cve,
  title={{Collaborative virtual environments}},
  author={Benford, S. and others},
  journal={Communications of the ACM},
  volume={44},
  number={7},
  pages={79--85},
  month={July},
  year={2001},
  publisher={ACM New York, NY, USA},
  address={New York}
}

%---------------------------------------------------------------------------

@article{morse2000iml,
  title={{Interest Management in Large-Scale Virtual Environments}},
  author={Morse, K.L. and Bic, L. and Dillencourt, M.},
  journal={Presence: Teleoperators \& Virtual Environments},
  volume={9},
  number={1},
  pages={52--68},
  year={2000},
  publisher={MIT Press}
}

%---------------------------------------------------------------------------

@article{smed2002anm,
  title={{Aspects of networking in multiplayer computer games}},
  author={Smed, J. and Kaukoranta, T. and Hakonen, H.},
  journal={The Electronic Library},
  volume={20},
  number={2},
  pages={87--97},
  year={2002}
}

@article{bezerra2009lbs,
  title={{A load balancing scheme for massively multiplayer online games}},
  author={Carlos Eduardo B. Bezerra and Cláudio F. R. Geyer},
  journal={Massively Multiuser Online Gaming Systems and Applications, Special Issue of Springer's Journal of Multimedia Tools and Applications},
  year={2009}
}

@conference{luque2005bpc,
  title={{Broad-phase collision detection using semi-adjusting BSP-trees}},
  author={Luque, R.G. and Comba, J.L.D. and Freitas, C.M.D.S.},
  booktitle={Proceedings of the 2005 symposium on Interactive 3D graphics and games},
  pages={179--186},
  year={2005},
  organization={ACM New York, NY, USA}
}

@article{bentley1975mbs,
  title={{Multidimensional binary search trees used for associative searching}},
  author={Bentley, J.L.},
  year={1975},
  publisher={ACM New York, NY, USA}
}
