@inproceedings{zhao1008scs,
 author = {Zhao, Yong and Raicu, Ioan and Foster, Ian},
 title = {Scientific Workflow Systems for 21st Century, New Bottle or New Wine?},
 booktitle = {SERVICES '08: Proceedings of the 2008 IEEE Congress on Services - Part I},
 year = {2008},
 isbn = {978-0-7695-3286-8},
 pages = {467--471},
 doi = {http://dx.doi.org/10.1109/SERVICES-1.2008.79},
 publisher = {IEEE Computer Society},
 address = {Washington, DC, USA},
 }

%------------------------------------------------------------------------------------------------------

@inproceedings{li98fem,
 author = {Li, Yanbing and Henkel, J\"{o}rg},
 title = {A framework for estimation and minimizing energy dissipation of embedded HW/SW systems},
 booktitle = {DAC '98: Proceedings of the 35th annual Design Automation Conference},
 year = {1998},
 isbn = {0-89791-964-5},
 pages = {188--193},
 location = {San Francisco, California, United States},
 doi = {http://doi.acm.org/10.1145/277044.277097},
 publisher = {ACM},
 address = {New York, NY, USA},
 }

%------------------------------------------------------------------------------------------------------

@inproceedings{goodman98ucm,
 author = {Goodman, James R.},
 title = {Using cache memory to reduce processor-memory traffic},
 booktitle = {ISCA '98: 25 years of the international symposia on Computer architecture (selected papers)},
 year = {1998},
 isbn = {1-58113-058-9},
 pages = {255--262},
 location = {Barcelona, Spain},
 doi = {http://doi.acm.org/10.1145/285930.285984},
 publisher = {ACM},
 address = {New York, NY, USA},
 }

%------------------------------------------------------------------------------------------------------

@article{magnusson2002sfs,
 author = {Magnusson, Peter S. and Christensson, Magnus and Eskilson, Jesper and Forsgren, Daniel and H{\aa}llberg, Gustav and H\"{o}gberg, Johan and Larsson, Fredrik and Moestedt, Andreas and Werner, Bengt},
 title = {Simics: A Full System Simulation Platform},
 journal = {Computer},
 volume = {35},
 number = {2},
 year = {2002},
 issn = {0018-9162},
 pages = {50--58},
 doi = {http://dx.doi.org/10.1109/2.982916},
 publisher = {IEEE Computer Society Press},
 address = {Los Alamitos, CA, USA},
 }

%------------------------------------------------------------------------------------------------------

@techreport{bailey1995npb,
  title={{The NAS parallel benchmarks 2.0}},
  author={Bailey, D. and Harris, T. and Saphir, W. and Van Der Wijngaart, R. and Woo, A. and Yarrow, M.},
  year={1995},
  institution={Technical Report NAS-95-020, NASA Ames Research Center}
}

%------------------------------------------------------------------------------------------------------

@article{jin1999oip,
  title={{The OpenMP implementation of NAS parallel benchmarks and its performance}},
  author={Jin, H. and Frumkin, M. and Yan, J.},
  journal={NASA Ames Research Center, Technical Report NAS-99-011},
  year={1999}
}

%------------------------------------------------------------------------------------------------------

@article{dagum1998ois,
  title={{OpenMP: an industry standard API for shared-memory programming}},
  author={Dagum, L. and Menon, R. and Inc, S.G.},
  journal={IEEE Computational Science \& Engineering},
  volume={5},
  number={1},
  pages={46--55},
  year={1998}
}
