

%--------------------------------------------------------------

@misc{Reis-02,
    author = {H. L. Reis and J. M. Magalhães and M. P. Ruthner},
    title = {Geração de {M}alhas {T}riangulares 2D},
    note = {Disponível em http://www.inf.puc-rio.br/~heloreis/. Acesso em: jul. 2005},
    year = 2002,
}


%-------------------------------------------------------------


@TechReport{Fil-96,
  author={M. Filipiak},
  title ={Mesh {G}eneration},
  type ={Technical Watch Report},
  number={Version 1.0},
  institution={Edinburgh Parallel Computing Centre. The University of Edinburgh},
  year={1996}
}











%-------------------------------------------------------------



@Book{Alo-2002,
  author = 	 {J. Alonso and M. Fatica},
  ALTeditor = 	 {},
  title = 	 {Parallel {M}ethods in {N}umerical {A}nalysis: Domain Decomposition Methods},
  publisher = 	 {Aerospace Computing Laboratoy, UMIST, Stanford University},
  year = 	 {2002},
  OPTkey = 	 {},
  OPTvolume = 	 {},
  OPTnumber = 	 {},
  OPTseries = 	 {},
  address = 	 {Stanford},
  OPTedition = 	 {},
  OPTmonth = 	 {},
  OPTnote = 	 {},
  OPTannote = 	 {}
}


%-------------------------------------------------------------



@Book{Ame-77,
  author =       {W. F. Ames},
  ALTeditor =    {},
  title =        {{N}umerical {M}ethods for {P}artial {D}ifferential {E}quations},
  publisher =    {Academic Press},
  year =         {1977},
  OPTkey =       {},
  OPTvolume =    {},
  OPTnumber =    {},
  OPTseries =    {},
  address =      {New York},
  OPTedition =   {},
  OPTmonth =     {},
  OPTnote =      {},
  pages   =      {365},
  OPTannote =    {}
}
			      

%-------------------------------------------------------------


@TechReport{Ara-97,
  author = 	 {E. R. Ara\'ujo},
  title = 	 {Métodos {I}terativos em {Á}lgebra {L}inear {C}omputacional},
  institution =  {Laboratório Nacional de Computação Científica - CNPq},
  year = 	 {1997},
  OPTkey = 	 {},
  OPTtype = 	 {},
  OPTnumber = 	 {},
  address = 	 {Petrópolis - RJ},
  OPTmonth = 	 {},
  OPTnote = 	 {},
  annote = 	 {Segunda Escola de Verão em Computação Científica}
}


%-------------------------------------------------------------



@PhdThesis{Ara-97a,
  author = 	 {E. R. Araujo},
  title = 	 { Métodos {I}terativos para a {S}olução de {G}randes {S}istemas de {E}quações em {E}ngenharia {E}strutural},
  school = 	 {COPPE/UFRJ-Departamento de Engenharia Civil},
  year = 	 {1997},
  OPTkey = 	 {},
  OPTtype = 	 {},
  address = 	 {Rio de Janeiro},
  OPTmonth = 	 {},
  OPTnote = 	 {},
  OPTannote = 	 {}
}

%-------------------------------------------------------------  

@MastersThesis{Ara-2002,
  author =       {D. R. Araujo},
  title =        {Considerações {N}uméricas {R}elativas à {S}olução de {E}scoamentos {I}ncompressíveis {E}xternos baseados no {M}étodo de {R}unge-{K}utta},
  school =       {Instituto de Matemática, UFRGS} ,
  year =         {2002},
  OPTkey =       {},
  type =         {Mestrado em Matemática},
  address =      {Porto Alegre - RS},
  OPTmonth =     {},
  OPTnote =      {},
  OPTannote =    {}
}
%-------------------------------------------------------------

@Manual{athapascan,
  title =        {Athapascan-0: {U}ser {M}anual {V}ersion 2.4.13},
  OPTkey =       {},
  author =       {J. Briat and I. Ginzburg and M. Pasin},
  OPTorganization = {},
  OPTaddress =   {},
  OPTedition =   {},
  OPTmonth =     {},
  year =         {1998},
  OPTnote =      {},
  OPTannote =    {}
}
		    


%-------------------------------------------------------------



@Book{Axe-96,
  author = 	 {A. Axelsson},
  ALTeditor = 	 {},
  title = 	 {Iterative {S}olution {M}ethods},
  publisher = 	 {Cambridge: University Press},
  year = 	 {1996},
  OPTkey = 	 {},
  volume = 	 {1},
  OPTnumber = 	 {},
  OPTseries = 	 {},
  address = 	 {Cambridge},
  OPTedition = 	 {},
  OPTmonth = 	 {},
  OPTnote = 	 {},
  OPTpages  =    {},
  OPTannote = 	 {}
}



%-------------------------------------------------------------



@Book{Bak-96,
  author = 	 {L. Baker and B. J. Smith},
  ALTeditor = 	 {},
  title = 	 {Parallel {P}rogramming},
  publisher = 	 {McGraw-Hill},
  year = 	 {1996},
  OPTkey = 	 {},
  OPTvolume = 	 {},
  OPTnumber = 	 {},
  OPTseries = 	 {},
  address = 	 {New York},
  OPTedition = 	 {},
  OPTmonth = 	 {},
  OPTnote = 	 {},
  pages   =      {381},
  OPTannote = 	 {}
}


%-------------------------------------------------------------

@book{ Bar-94,
    author = {R. Barrett and M. Berry and T. F. Chan and J. Demmel and J. M. Donato and J. Dongarra and V. Eijkhout and R. Pozo and C. Romine and H. V. der Vorst},
    title = {Templates for the {S}olution of {L}inear {S}ystems: {B}uilding {B}locks for {I}terative {M}ethods},
    publisher = {Society for Industrial and Applied Mathematics},
    year = {1994}
}

%-------------------------------------------------------------



@Book{Bar-2000,
  author =       {M. Bar},
  ALTeditor =    {},
  title =        {Linux {I}nternals},
  publisher =    {McGraw-Hill},
  year =         {2000},
  OPTkey =       {},
  OPTvolume =    {},
  OPTnumber =    {},
  OPTseries =    {},
  address =      {New York},
  OPTedition =   {},
  OPTmonth =     {},
  OPTnote =      {},
  pages   =      {351},
  OPTannote =    {}
}


			      

%-------------------------------------------------------------
@MastersThesis{Bar-2002,
  author =       {M. E. Barreto},
  title =        {Estudo sobre {C}omputação baseada em {C}luters e {G}rids},
  school =       {Instituto de Informática, UFRGS} ,
  year =         {2002},
  OPTkey =       {},
  type =         {Exame de Qualificação (Doutorado em Ciência da Computação)},
  address =      {Porto Alegre},
  OPTmonth =     {},
  OPTnote =      {},
  OPTannote =    {}
}
		    

%-------------------------------------------------------------


@MastersThesis{Bar-00,
  author = 	 {M. Barreto},
  title = 	 {{DECK}: {U}m {A}mbiente para {P}rogramação {P}aralela em {A}gregados de {M}ultiprocessadores},
  school = 	 {Instituto de Informática, UFRGS} ,
  year = 	 {2000},
  OPTkey = 	 {},
  OPTtype = 	 {},
  address = 	 {Porto Alegre},
  OPTmonth = 	 {},
  OPTnote = 	 {},
  OPTannote = 	 {}
}


%----------------------------------------------------------------------------

@InCollection{Bar-2003,
  author =       {M. P. Barcellos and L. P. Gaspary},
  title =        {Tecnologias de {R}ede para {P}rocessamento de {A}lto {D}esempenho},
  booktitle =    {ERAD 2003},
  publisher = {SBC/UNISINOS/UFSM/UNILASALLE},
  year =         {2003},
  address =      {Santa Maria, RS},
  OPTmonth =        {}
}

	      

%-------------------------------------------------------------



@InProceedings{Ben-99,
  author = 	 {M. Benzi and M. Tuma},
  title = 	 {A {C}omparative {S}tudy of {S}parse {A}pproximate {I}nverse {P}reconditioners},
  OPTcrossref =  {},
  OPTkey = 	 {},
  booktitle =    { Proceedings of the Applied Numerical Mathematics: Transactions of of IMACS},
  year = 	 {1999},
  OPTeditor = 	 {},
  OPTvolume = 	 {},
  OPTnumber = 	 {},
  OPTseries = 	 {},
  OPTaddress = 	 {},
  OPTmonth = 	 {},
  OPTorganization = {},
  OPTpublisher = {},
  OPTnote = 	 {},
  pages = 	 {305-340},
  OPTannote = 	 {}
}

%---------------------------------------------------------------


@InProceedings{Ben-2001,
  author =       {A. Ben-Abdallah and A. S. {CHARÃO} and B. Plateau},
  title =        {Ahpik: {A} {P}arallel {M}ultithreaded {F}ramework {U}sing {A}daptivity and {D}omain {D}ecomposition {M}ethods for {S}olving {PDE} {P}roblems},
  booktitle =    {Proceedings of the 13th International Conference on Domain Decomposition Methods},
  OPTcrossref =  {},
  OPTkey =       {},
  pages =        {295-301},
  year =         {2001},
  OPTeditor =    {},
  OPTvolume =    {},
  OPTnumber =    {},
  OPTseries =    {},
  address =      {Lyon},
  OPTmonth =     {},
  OPTorganization = {SBC},
  OPTpublisher = {},
  OPTnote =      {},
}
				

%-------------------------------------------------------------

@InProceedings{Bjo-92,
  author =       {B. Bjorstad and M. D. Skogen},
  title =        {Domain {D}ecomposition {A}lgorithms of {S}chwarz  {T}ype, {D}esigned for {M}assively {P}arallel {C}omputers},
  OPTcrossref =  {},
  OPTkey =       {},
  booktitle =    {Proceedings of the Fifth International Symposium on Domain Decomposition Methods for Partial Differential Equations},
  year =         {1992},
  OPTeditor =    {},
  OPTvolume =    {},
  OPTnumber =    {},
  OPTseries =    {},
  address =   {Philadelphia},
  OPTmonth =     {},
  OPTorganization = {},
  OPTpublisher = {},
  OPTnote =      {},
  pages =        {362-375},
  OPTannote =    {}
}
				  

%-------------------------------------------------------------

@article{Bod-95,
        author = {N. J. Boden and D. Cohen and R. E. Felderman and A. E. Kulawik and C. L. Seits and J. N. Seizovic and W. K. Su},
	title = {{M}yrinet: a {G}igabit-per-{S}econd {L}ocal-{A}rea {N}etwork},
        journal = {IEEE Micro},
        year = {1995},
        volume = {15},
        number = {1},
	pages = {29-36},
	OPTaddress = {},
	PTmonth = {},								
}
									


%---------------------------------------------------------------
@Book{Buy-99,
  author = 	 {R. Buyya},
  ALTeditor = 	 {},
  title = 	 {High {P}erformance {C}luster {C}omputing: {A}rchitecture and {S}ystems},
  publisher = 	 {Prentice Hall},
  year = 	 {1999},
  OPTkey = 	 {},
  volume = 	 {1},
  OPTnumber = 	 {},
  OPTseries = 	 {},
  address = 	 {},
  OPTedition = 	 {},
  OPTmonth = 	 {},
  OPTnote = 	 {},
  OPTannote = 	 {}
}

%-------------------------------------------------------------

@InCollection{Cai-2002,
  author = 	 {X. Cai},
  title = 	 {Overlapping {D}omain {D}ecomposition {M}ethods},
  booktitle = 	 {{C}omputational {P}artial {D}ifferential {E}quations {U}sing {D}iffpack - {A}dvanced {T}opics },
  OPTcrossref =  {},
  OPTkey = 	 {},
  OPTpages = 	 {},
  OPTpublisher = {},
  year = 	 {2002},
  editor = 	 {H. P. Langtangen and A. Tveito},
  OPTvolume = 	 {},
  OPTnumber = 	 {},
  OPTseries = 	 {},
  OPTtype = 	 {},
  OPTchapter = 	 {},
  OPTaddress = 	 {},
  OPTedition = 	 {},
  OPTmonth = 	 {},
  OPTnote = 	 {},
  OPTannote = 	 {}
}

%-------------------------------------------------------------

@TechReport{Cai-93,
  author = 	 {X. Cai and Y. Saad},
  title = 	 {Overlapping {D}omain {D}ecomposition {A}lgorithms for {G}eneral {S}parse {M}atrices},
  institution =  {University of Minnesota},
  year = 	 {1993},
  OPTkey = 	 {},
  OPTtype = 	 {},
  number = 	 {93-027},
  OPTaddress = 	 {},
  OPTmonth = 	 {},
  OPTnote = 	 {},
  OPTannote = 	 {}
}

%-------------------------------------------------------------



@MastersThesis{Can-2000,
  author = 	 {A. P. Canal},
  title = 	 {Paralelização de {M}étodos de {R}esolução de {S}istemas {L}ineares {E}sparsos com o {DECK} em {C}lusters de {PC}s},
  school = 	 {Instituto de Informática, UFRGS} , 
  year = 	 {2000},
  OPTkey = 	 {},
  OPTtype = 	 {},
  address = 	 {Porto Alegre},
  OPTmonth = 	 {},
  OPTnote = 	 {},
  OPTannote = 	 {}
}


%-------------------------------------------------------------

@MastersThesis{Car-2001,
  author =       {C. Cardoso},
  title =        {Análise de {F}luxos {U}nidimensionais via {M}étodo de {R}unge-{K}utta e {N}oções da {T}eoria de {S}hadowing},
  school =       {Instituto de Matemática, UFRGS} ,
  year =         {2001},
  OPTkey =       {},
  type =         {Mestrado em Matemática},
  address =      {Porto Alegre - RS},
  OPTmonth =     {},
  OPTnote =      {},
  OPTannote =    {}
}

%-------------------------------------------------------------   


@MastersThesis{Car-2002,
  author = 	 {E. C. A. Carvalho},
  title = 	 {Particionamento de {G}rafos de {A}plicações e {M}apeamento em {G}rafos de {A}rquiteturas {H}eterogêneas},
  school = 	 {Instituto de Informática, UFRGS},
  year = 	 {2002},
  OPTkey = 	 {},
  OPTtype = 	 {},
  address = 	 {Porto Alegre},
  OPTmonth = 	 {},
  OPTnote = 	 {},
  OPTannote = 	 {}
}



%-------------------------------------------------------------



@TechReport{Cat-98,
  author = 	 {L. Catabriga},
  title = 	 {Estudo de {P}ré-condicionadores para o {M}étodo {GMRES} usando {E}strutura de {D}ados por {A}restas}, 
  institution =  {Universidade Federal do Rio de Janeiro},
  year = 	 {1998},
  OPTkey = 	 {},
  OPTtype = 	 {},
  OPTnumber = 	 {},
  address = 	 {Rio de Janeiro},
  OPTmonth = 	 {},
  OPTnote = 	 {},
  OPTannote = 	 {}
}



%-------------------------------------------------------------
@Article{Cha-94,
  author = 	 {T. F. Chan and T. Mathew},
  title = 	 {{D}omain {D}ecomposition {A}lgorithms},
  journal = 	 {Acta Numerica},
  year = 	 {1994},
  OPTkey = 	 {},
  OPTvolume = 	 {},
  OPTnumber = 	 {},
  pages = 	 {61-143},
  OPTmonth = 	 {},
  OPTnote = 	 {},
  OPTannote = 	 {}
}

%------------------------------------------------------------------------------------

@Article{Cai-94,
 author =       {X. Cai},
 title =        {{M}ultiplicative {S}chwarz {M}ethods for {P}arabolic {P}roblems},
 journal =      {SIAM Journal on Scientific Computing},
 year =         {1994},
 OPTkey =       {},
 volume =    {15},
 OPTnumber =    {},
 pages =        {587-603},
 OPTmonth =     {},
 OPTnote =      {},
 OPTannote =    {}
}
		      
%--------------------------------------------------------------

@inProceedings{ Cai-96,
  author =    {X. Cai and D. E. Keyes and V. Venkatakrishnan},
  title =     {Newton-{K}rylov-{S}chwarz: {A}n {I}mplicit {S}olver for {CFD}},
  OPTcrossref =  {},
  OPTkey =       {},
  booktitle =    {Proceedings of the Eighth International Conference on Domain Decomposition Methods},
  year =      {1997},
  OPTeditor =    {},
  OPTvolume =    {},
  OPTnumber =    {},
  OPTseries =    {},
  address =   {New York},
  OPTmonth =     {},
  OPTorganization = {},
  OPTpublisher = {},
  OPTnote =      {},
  pages =        {387-400}
}

%-------------------------------------------------------------

@Article{Cai-2002a,
 author =       {X. Cai and D. E. Keyes and L. Marcinkowski},
 title =        { Nonlinear {A}dditive {S}chwarz {P}reconditioners and {A}pplications in {C}omputational {F}luid {D}ynamics},
 journal =      {International Journal of Numerical Methods in Fluid Mechanics},
 year =         {2002},
 OPTkey =       {},
 volume =    {40},
 OPTnumber =    {},
 pages =        {1463-1470},
 OPTmonth =     {},
 OPTnote =      {},
 OPTannote =    {}
}
		      

%------------------------------------------------------------------------

@InCollection{Cha-2003,
  author =       {F. M. M\"uller and A. S. {CHARÃO} and H. G. Santos},
  title =        {Aplicações de {A}lto {D}esempenho},
  booktitle =    {ERAD 2003},
  publisher = {SBC/UNISINOS/UFSM/UNILASALLE},
  year =         {2003},
  address =      {Santa Maria, RS},
  OPTmonth =        {}
}
	      

%-------------------------------------------------------------



@PhdThesis{Cha-2001,
  author = 	 {A. S. {Charão}},
  title = 	 {Multiprogrammation {P}arallèle {G}énérique des {M}éthodes de {D}écomposition de {D}omaine},
  school = 	 {Institut National Polytechnique de Grenoble},
  year = 	 {2001},
  OPTkey = 	 {},
  OPTtype = 	 {},
  OPTaddress = 	 {},
  OPTmonth = 	 {},
  OPTnote = 	 {},
  OPTannote = 	 {}
}


%---------------------------------------------------------------


@InProceedings{Cha-2003a,
  author =       {A. S. {Charão} and I. Charpentier and B. Stein},
  title =        {Generic {P}arallel {M}ultithreaded {P}rogramming of {D}omain {D}ecomposition {M}ethods on {PC} {C}lusters},
  booktitle =    {Proceedings of the 14th International Conference on Domain Decomposition Methods},
  OPTcrossref =  {},
  OPTkey =       {},
  pages =        {365-372},
  year =         {2003},
  OPTeditor =    {},
  OPTvolume =    {},
  OPTnumber =    {},
  OPTseries =    {},
  address =      {Cocoyoc},
  OPTmonth =     {},
  OPTorganization = {SBC},
  OPTpublisher = {},
  OPTnote =      {},
}
				


%-------------------------------------------------------------

@misc{chaco,
    author = "B. Hendrickson and R. Leland",
    title = "The {C}haco {U}ser´s {G}uide. {V}ersion 2.0",
    note = "Disponível em http://www.cs.sandia.gov/CRF/papers{\_}chaco.html. Acesso em: out. 2003",
    year = 1995,
}

%-------------------------------------------------------------



@PhdThesis{Cho-97,
  author = 	 {E. T. Chow},
  title = 	 {Robust {P}reconditioning for {S}parse {L}inear {S}ystems},
  school = 	 { Department of Computer Science, University of Minnesota},
  year = 	 {1997},
  OPTkey = 	 {},
  OPTtype = 	 {},
  address = 	 {Minneapolis - MN},
  OPTmonth = 	 {},
  OPTnote = 	 {},
  OPTannote = 	 {}
}

%-------------------------------------------------------------

@MastersThesis{Con-2003,
  author = 	 {N. F. Conte},
  title = 	 {Implicações {G}eométricas e {T}opológicas da {P}lanaridade em {G}rafos},
  school = 	 {Instituto de Informática, UFRGS},
  year = 	 {2003},
  OPTkey = 	 {},
  type = 	 {Dissertação (Mestrado em Matemática)},
  address = 	 {Porto Alegre},
  OPTmonth = 	 {},
  OPTnote = 	 {},
  OPTannote = 	 {}
}


%-------------------------------------------------------------

@MastersThesis{Cru-97,
  author = 	 {G. A. M. Cruz},
  title = 	 {Algoritmos {P}aralelos {I}terativos do {T}ipo {Q}uasi-{N}ewton para a {M}inimização de {F}unções {M}ultivariadas},
  school = 	 {Instituto de Matemática, UFRGS} ,  
  year = 	 {1997},
  OPTkey = 	 {},
  type = 	 {Mestrado em Matemática},
  address = 	 {Porto Alegre - RS},
  OPTmonth = 	 {},
  OPTnote = 	 {},
  OPTannote = 	 {}
}

%-------------------------------------------------------------

@PhdThesis{Cun-92,
  author =       {R. D. Cunha},
  title =        {A {S}tudy on {I}terative {M}ethods for the {S}olution of {S}ystems of {L}inear {E}quations on {T}ransputer {N}etworks},
  school =       {University of Kent at Canterbury},
  year =         {1992},
  OPTkey =       {},
  type =      {Tese (Doutorado em Ciência da Computação)},
  OPTaddress =   {},
  OPTmonth =     {},
  OPTnote =      {},
  OPTannote =    {}
}

%-------------------------------------------------------------


@Book{Cun-2000,
  author =       {M. C. C. Cunha},
  ALTeditor =    {},
  title =        {Métodos {N}uméricos},
  publisher =    {Editora da Unicamp},
  year =         {2000},
  OPTkey =       {},
  OPTvolume =    {},
  OPTnumber =    {},
  OPTseries =    {},
  address =      {Campinas},
  OPTedition =   {},
  OPTmonth =     {},
  OPTnote =      {},
  OPTannote =    {}
}

%-------------------------------------------------------------  

@TechReport{Cum-99,
  author = 	 {J. A. Cuminato and M. Meneguette},
  title = 	 {Discretização de {E}quações {D}iferenciais {P}arciais: {T}écnicas de {D}iferenças {F}initas},
  institution =  {Universidade de São Paulo},
  year = 	 {1999},
  OPTkey = 	 {},
  OPTtype = 	 {},
  OPTnumber = 	 {},
  address = 	 {São Paulo},
  OPTmonth = 	 {},
  OPTnote = 	 {},
  OPTannote = 	 {}
}


%-------------------------------------------------------------



@Book{Bak-96,
  author = 	 {L. Baker and B. J. Smith},
  ALTeditor = 	 {},
  title = 	 {Parallel {P}rogramming},
  publisher = 	 {McGraw-Hill},
  year = 	 {1996},
  OPTkey = 	 {},
  OPTvolume = 	 {},
  OPTnumber = 	 {},
  OPTseries = 	 {},
  address = 	 {New York},
  OPTedition = 	 {},
  OPTmonth = 	 {},
  OPTnote = 	 {},
  pages   =      {381},
  OPTannote = 	 {}
}


%-------------------------------------------------------------


@Misc{Jack,
  OPTkey = 	 {},
  author = 	 {J. Dongarra},
  title = 	 {{BLAS} - {B}asic {L}inear {A}lgebra {S}ubprograms},
  howpublished = {Disponível em: http://www.netlib.org/blas/. Acesso em: out. 2003},
  OPTmonth = 	 {},
  year = 	 {2003},
  OPTnote = 	 {},
  OPTannote = 	 {}
}

%-------------------------------------------------------------



@Misc{iml++,
  OPTkey = 	 {},
  author = 	 {J. Dongarra and A. Lumsdaine and R. Pozo and K. Remington},
  title = 	 {{IML}++ - {I}terative {M}ethods {L}ibrary},
  howpublished = {Disponível em: http://math.nist.gov/iml++. Acesso em: out. 2003},
  OPTmonth = 	 {},
  year = 	 {2003},
  OPTnote = 	 {},
  OPTannote = 	 {}
}

%---------------------------------------------------------------------

@Misc{diffpack,
  OPTkey =       {},
  OPTauthor =       {K. Schloegel and G. Karypis and V. Kumar},
  title =        {{D}iffpack {K}ernel and {T}oolboxes {D}ocumentation 4.0.00},
  howpublished =  {Disponível em: http://www.nobjects.com/diffpack/refmanuals/current/. Acesso em: fev. 2004},
  OPTmonth =     {},
  year =         {2004},
  OPTnote =      {},
  OPTannote =    {}
}
		

%-------------------------------------------------------------

@inProceedings{ Din-98,
  author =       {B. Bjorstad and M. D. Skogen},
  title =        { Applications of {D}ual {S}chur {C}omplement {P}reconditioning to {P}roblems in {C}omputational {F}luid {D}ynamics and {C}omputational {E}lectro-{M}agnetics},
  OPTcrossref =  {},
  OPTkey =       {},
  booktitle =    {Proceedings of the Nineth International Symposium on Domain Decomposition Methods for Partial Differential Equations},
  year =         {1998},
  OPTeditor =    {},
  OPTvolume =    {},
  OPTnumber =    {},
  OPTseries =    {},
  address =   {Bergen},
  OPTmonth =     {},
  OPTorganization = {},
  OPTpublisher = {},
  OPTnote =      {},
  pages =        {708-718}
}  

%-------------------------------------------------------------


@incollection{Dem-93,
  author = {J. Demmel and M. Heath and H. V. der Vorst},
  title = {Parallel {N}umerical {L}inear {A}lgebra},
  booktitle = {Acta Numerica},
  publisher = {Cambridge University Press},
  address = {Cambridge, UK},
  year = {1993}
}



%-------------------------------------------------------------


@InProceedings{Dre-98a,
  author = 	 {B. Dreier and Z. Markus and U. Theo},
  title = 	 {Parallel and {D}istributed {P}rogramming with {P}threads and {R}threads},
  booktitle = 	 {International Conference on Massively Parallel Computing System},
  OPTcrossref =  {},
  OPTkey = 	 {},
  pages = 	 {34-40},
  year = 	 {1998},
  OPTeditor = 	 {},
  volume = 	 {1},
  OPTnumber = 	 {},
  OPTseries = 	 {},
  OPTaddress = 	 {},
  OPTmonth = 	 {},
  OPTorganization = {},
  OPTpublisher =    {},
  OPTnote = 	 {},
  OPTannote = 	 {}
}

%-------------------------------------------------------------

@TechReport{Dry-87,
  author =       {M. Dryja and O. B. Widlund},
  title =        {An {A}dditive {V}ariant of the {A}lternating {M}ethod for the {C}ase of {M}any {S}ubregions},
  institution =  {New York University},
  year =         {1987},
  OPTkey =       {},
  OPTtype =      {},
  number =       {339},
  address =      {New York},
  OPTmonth =     {},
  OPTnote =      {},
  OPTannote =    {}
}


%-------------------------------------------------------------


@InProceedings{Dor-2000,
  author =       {R. V. Dorneles and R. L. Rizzi and C. A. Zeferino and T. A. Diverio and S. Bampi and A. A. Suzin and P. O. A. Navaux},
  title =        {A {PC} {C}luster {I}mplementation of a {M}ass {T}ransport {T}wo {D}imensional {M}odel},
  booktitle =    {Proceedings of the SBAC - Symposium on Computer Architecture and High Performance Computing, 12.},
  OPTcrossref =  {},
  OPTkey =       {},
  pages =        {191-198},
  year =         {2000},
  OPTeditor =    {},
  volume =       {1},
  OPTnumber =    {},
  OPTseries =    {},
  adress =       {São Carlos},
  OPTmonth =     {},
  organization = {São Carlos: UFSCAR},
  publisher =    {São Carlos: UFSCAR},
  OPTnote =      {},
  OPTannote =    {}
}

				  

%-------------------------------------------------------------


@InProceedings{Dor-2002,
  author = 	 {R. V. Dorneles and R. L. Rizzi and T. A. Diverio and P. O. A. Navaux},
  title = 	 {A h-{R}efined {S}chwarz-{K}rylov {S}olution for {H}ydrodynamics and {M}ass {T}ransport in a {PC}s {C}luster},
  booktitle = 	 {Proceedings of the SBAC - Symposium on Computer Architecture and High Performance Computing, 13.},
  OPTcrossref =  {},
  OPTkey = 	 {},
  pages = 	 {17-24},
  year = 	 {2002},
  OPTeditor = 	 {},
  volume = 	 {1},
  OPTnumber = 	 {},
  OPTseries = 	 {},
  address = 	 {Pirenopolis},
  OPTmonth = 	 {},
  organization = {Brasilia: UnB},
  publisher =    {Brasilia: UnB},
  OPTnote = 	 {},
  OPTannote = 	 {}
}


%-------------------------------------------------------------



@Article{Deb-98,
  author = 	 {L. Debreu and E. Blayo},
  title = 	 {On the {S}chwarz {A}lternating {M}ethod for {S}olving {O}ceanic {M}odels on {P}arallel {C}omputers},
  journal = 	 {Journal of Computational Physics},
  year = 	 {1998},
  OPTkey = 	 {},
  volume = 	 {141},
  OPTnumber = 	 {},
  pages = 	 {93-111},
  OPTmonth = 	 {},
  OPTnote = 	 {},
  OPTannote = 	 {}
}

%-------------------------------------------------------------



@PhdThesis{Dor-2003,
  author = 	 {R. V. Dorneles},
  title = 	 {Particionamento de  {D}omínio e {B}alanceamento de {C}arga no {M}odelo {HIDRA}},
  school = 	 {Instituto de Informática, UFRGS} ,
  year = 	 {2003},
  OPTkey = 	 {},
  OPTtype = 	 {},
  address = 	 {Porto Alegre - RS},
  OPTmonth = 	 {},
  note =         {},
  OPTannote = 	 {}
}



%-------------------------------------------------------------



@InProceedings{Dre-98,
 author = 	 {B. Dreier and Z. Markus and U. Theo},
  title = 	 {Parallel and {D}istributed {P}rogramming with {P}threads and {R}threads},
  booktitle = 	 {Proceedings of the International Conference on Massively Parallel Computing System},
  OPTcrossref =  {},
  OPTkey = 	 {},
  pages = 	 {34-40},
  year = 	 {1998},
  OPTeditor = 	 {},
  volume = 	 {1},
  OPTnumber = 	 {},
  OPTseries = 	 {},
  OPTaddress = 	 {},
  OPTmonth = 	 {},
  OPTorganization = {},
  OPTpublisher =    {},
  OPTnote = 	 {},
  OPTannote = 	 {}
}
%----------------------------------------------------------------------

@Manual{Eas-98,
  title =        {{IDRISE} - {M}anual do {U}suário},
  OPTkey =       {},
  author =       {J. R. Eastemann},
  OPTorganization = {},
  OPTaddress =   {},
  OPTedition =   {},
  OPTmonth =     {},
  year =         {1998},
  note =      {Disponível em: http://www.ecologia.ufrgs.br/idrise/. Acesso em: jul. 2002},
  OPTannote =    {}
}

%-------------------------------------------------------------------



@Article{Eij-98,
  author = 	 {V. Eijkhout},
  title = 	 {Overview of {I}terative {L}inear {S}ystem {S}olver {P}ackages},
  journal = 	 {NHSE Review},
  year = 	 {1998},
  OPTkey = 	 {},
  volume = 	 {3},
  number = 	 {1},
  OPTpages = 	 {},
  OPTmonth = 	 {},
  OPTnote = 	 {},
  OPTannote = 	 {}
}

%-------------------------------------------------------------



@Book{Eva-98,
  author =       {L. C. Evans},
  ALTeditor =    {},
  title =        {Partial {D}ifferential {E}quations}, 
  publisher =    {American Mathematical Society},
  year =         {1998},
  OPTkey =       {},
  OPTvolume =    {19},
  OPTnumber =    {},
  series =    {Graduate Studies in Mathematics},
  address =      {Berkeley},
  edition =   {2},
  OPTmonth =     {},
  OPTnote =      {},
  pages =     {662},
  OPTannote =    {}
}

			      




%-------------------------------------------------------------



@Book{Fle-88,
  author = 	 {C. A. J. Fletcher},
  ALTeditor = 	 {},
  title = 	 {Computational {T}echniques for {F}luid {D}ynamics},
  publisher = 	 {Springer-Verlag},
  year = 	 {1988},
  OPTkey = 	 {},
  volume = 	 {1},
  OPTnumber = 	 {},
  OPTseries = 	 {},
  address = 	 {New York},
  OPTedition = 	 {},
  OPTmonth = 	 {},
  OPTnote = 	 {},
  OPTpages =	 {},       
  OPTannote = 	 {}
}

%-------------------------------------------------------------



@MastersThesis{Fle-2001,
  author = 	 {B. Flemish},
  title = 	 {The {A}lternating {S}chwarz {M}ethod: {M}athematical {F}oudantion and {P}arallel {I}mplementation},
  school = 	 {Departament of Mathematics, Iowa State University} ,  
  year = 	 {2001},
  OPTkey = 	 {},
  type = 	 {Dissertação (Mestrado em Matemática)},
  address = 	 {Ames},
  OPTmonth = 	 {},
  OPTnote = 	 {},
  OPTannote = 	 {}
}

%-------------------------------------------------------------
 


@Book{For-2000,
  author = 	 {A. O. Fortuna},
  ALTeditor = 	 {},
  title = 	 {Técnicas {C}omputacionais para {D}inâmica dos {F}luidos},
  publisher = 	 {Editora da Universidade de São Paulo},
  year = 	 {2000},
  OPTkey = 	 {},
  OPTvolume = 	 {},
  OPTnumber = 	 {},
  OPTseries = 	 {},
  OPTaddress = 	 {},
  OPTedition = 	 {},
  OPTmonth = 	 {},
  OPTnote = 	 {},
  OPTannote = 	 {}
}

%-------------------------------------------------------------

@book{Fos-95,
    author = {I. T. Foster},
    title = {Designing and {B}uilding {P}arallel {P}rograms},
    publisher = {Addison Wesley},
    year = {1995},
    address = {Reading, USA},
    booktitle = {Designing and Building Parallel Programs},
    pages = {381},
    edition ={First},

}

%-------------------------------------------------------------

@Book{Gol-96,
  author =       {G. H. Golub and C. F. V. Loan},
  ALTeditor =    {},
  title =        {Matrix Computations},
  publisher =    {The Johns Hopkins University Press},
  year =         {1996},
  OPTkey =       {},
  OPTvolume =    {},
  OPTnumber =    {},
  OPTseries =    {},
  address =      {Baltimore},
  OPTedition =   {},
  OPTmonth =     {},
  OPTnote =      {},
  OPTannote =    {}
}

%-------------------------------------------------------------------
			    
@MastersThesis{Gro-2001,
  author =       {J. Grooss},
  title =        {A {P}arallel {E}lliptic {PDE} {S}olver},
  school =       {Informatics and Mathematical Modelling, Technical University of Denmark} ,
  year =         {2001},
  OPTkey =       {},
  type =         {Dissertação (Mestrado em Engenharia)},
  address =      {Lyngby},
  OPTmonth =     {},
  OPTnote =      {},
  OPTannote =    {}
}
		    


%-------------------------------------------------------------


@Book{Gar-79,
  author = 	 {M. R. Garey and D. S. Johnson},
  ALTeditor = 	 {},
  title = 	 { Computer and {I}ntractability: a {G}uide to the {T}heory of {NP}-completeness},
  publisher = 	 {Freeman},
  year = 	 {1979},
  OPTkey = 	 {},
  OPTvolume = 	 {},
  OPTnumber = 	 {},
  OPTseries = 	 {},
  address = 	 {San Francisco},
  OPTedition = 	 {},
  OPTmonth = 	 {},
  OPTnote = 	 {},
  OPTannote = 	 {}
}



%-------------------------------------------------------------





@Misc{mpich,
  OPTkey = 	 {},
  author = 	 {W. D. Gropp and E. Lusk},
  title = 	 {{MPICH} - {A} {P}ortable {I}mplementation of {MPI}},
  howpublished =  {Disponível em: http://www-unix.mcs.anl.gov/mpi/mpich/. Acesso em: out. 2003},
  OPTmonth = 	 {},
  year = 	 {2003},
  OPTnote = 	 {},
  OPTannote = 	 {}
}




%-------------------------------------------------------------



@TechReport{Grp-98,
  author = 	 {W. D. Gropp and D. E. Keyes and L. C. Mcinnes and M. D. Tidrini},
  title = 	 {Globalized {N}ewton-{K}rylov-{S}chwarz {A}lgorithms and {S}oftware for {P}arallel {I}mplicit {CFD}},
  institution =  {NASA},
  year = 	 {1998},
  OPTkey = 	 {},
  OPTtype = 	 {},
  OPTnumber = 	 {},
  address = 	 {Langley, Hampton},
  OPTmonth = 	 {},
  OPTnote = 	 {},
  OPTannote = 	 {}
}

%-------------------------------------------------------------


@Book{Hir-92,
  author =       {C. Hirsch},
  ALTeditor =    {},
  title =        {{N}umerical {C}omputation of {I}nternal and {E}xternal {F}lows},
  publisher =    {John Wiley \& Sons},
  year =         {1992},
  OPTkey =       {},
  volume =    {1},
  OPTnumber =    {},
  OPTseries =    {},
  address =      {Chinchester},
  OPTedition =   {},
  OPTmonth =     {},
  OPTnote =      {},
  OPTannote =    {}
}
			    
%-------------------------------------------------------------



@Book{Ior-88,
  author =       {R. {I\'ORIO J\'UNIOR} and V. M.  I\'orio},
  ALTeditor =    {},
  title =        {Equações {D}iferenciais {P}arciais: {U}ma {I}ntrodução},
  publisher =    {IMPA},
  year =         {1988},
  OPTkey =       {},
  OPTvolume =    {},
  OPTnumber =    {},
  OPTseries =    {},
  OPTedition =   {},
  OPTmonth =     {},
  OPTnote =      {},
  OPTannote =    {}
}
			    



%-------------------------------------------------------------

@misc{jostle,
    author = "C. Walshaw",
    title = "{T}he {J}ostle {U}ser {M}anual: {V}ersion 2.2",
    note = "Disponível em: http://www.gre.ac.uk/jostle. Acesso em: out. 2003",
    year = 2000,
}


%-------------------------------------------------------------



@TechReport{Jud-96,
  author = 	 {J. J\'udice and J. M. Patr\'icio},
  title = 	 {Sistemas de {E}quações {L}ineares},
  institution =  {Universidade de Coimbra},
  year = 	 {1996},
  OPTkey = 	 {},
  OPTtype = 	 {},
  OPTnumber = 	 {},
  address = 	 {Coimbra},
  OPTmonth = 	 {},
  OPTnote = 	 {},
  OPTannote = 	 {}
}


%-------------------------------------------------------------



@MastersThesis{Jus-2001,
  author = 	 {D. A. R. Justo},
  title = 	 {Geração de {M}alhas, {C}ondições de {C}ontorno e {D}iscretização de {O}peradores para {D}inâmica de {F}luidos {C}omputacional},
  school = 	 {Instituto de Matemática, UFRGS} ,  
  year = 	 {1997},
  OPTkey = 	 {},
  type = 	 {Mestrado em Matemática},
  address = 	 {Porto Alegre - RS},
  OPTmonth = 	 {},
  OPTnote = 	 {},
  OPTannote = 	 {}
}

%-------------------------------------------------------------



@Book{Key-97,
  author = 	 {D. Keyes and V. Venkatakrishnan},
  ALTeditor = 	 {},
  title = 	 {{N}ewton-{K}rylov-{S}chwarz {M}ethods: {I}nterfacing {S}parse {L}inear {S}olvers with {N}onlinear {A}pplications},
  publisher = 	 {Department of Computer Science},
  year = 	 {1997},
  OPTkey = 	 {},
  OPTvolume = 	 {},
  OPTnumber = 	 {},
  OPTseries = 	 {},
  address = 	 {Norfolk},
  OPTedition = 	 {},
  OPTmonth = 	 {},
  OPTnote = 	 {},
  OPTannote = 	 {}
}






%-------------------------------------------------------------



@Book{Kle-96,
  author = 	 {S. Kleiman and D. Shah and B. Smaalders},
  ALTeditor = 	 {},
  title = 	 {Programming {W}ith {T}hreads},
  publisher = 	 {Prentice Hall},
  year = 	 {1996},
  OPTkey = 	 {},
  OPTvolume = 	 {},
  OPTnumber = 	 {},
  OPTseries = 	 {},
  OPTaddress = 	 {},
  OPTedition = 	 {},
  OPTmonth = 	 {},
  OPTnote = 	 {},
  pages   =      {534},
  OPTannote = 	 {}
}

%-------------------------------------------------------------



@Article{Kar-98a,
  author = 	 {G. Karypis and V. Kumar},
  title = 	 {A {F}ast and {H}igh {Q}uality {M}ultilevel {S}cheme for {P}artitioning {I}rregular {G}raphs},
  journal = 	 {SIAM Journal on Scientific Computing},
  year = 	 {1998},
  OPTkey = 	 {},
  volume = 	 {20},
  number = 	 {1},
  pages = 	 {359-392},
  OPTmonth = 	 {},
  note = 	 {Disponível em: http://www.cs.umn.edu/${\sim}$karypis},
  OPTannote = 	 {}
}


%-------------------------------------------------------------


@InProceedings{Kar-98b,
  author = 	 {G. Karypis and V. Kumar },
  title = 	 {Multilevel {A}lgorithms for {M}ulti-{C}onstraint {G}raph {P}artitioning},
  booktitle = 	 {Proceedings of Supercomputing '98 },
  OPTcrossref =  {},
  OPTkey = 	 {},
  OPTpages = 	 {},
  year = 	 {1998},
  OPTeditor = 	 {},
  OPTvolume = 	 {},
  OPTnumber = 	 {},
  OPTseries = 	 {},
  OPTaddress = 	 {},
  OPTmonth = 	 {},
  OPTorganization = {},
  OPTpublisher = {},
  note = 	 {Disponível em: http://www.cs.umn.edu/${\sim}$karypis},
  OPTannote = 	 {}
}

%-------------------------------------------------------------

@Article{Kar-98c,
  author = 	 {G. Karypis and V. Kumar},
  title = 	 {Multilevel {K}-way {P}artitioning {S}cheme for {I}rregular {G}raphs},
  journal = 	 {Journal of Parallel and Distributed Computing},
  year = 	 {1998},
  OPTkey = 	 {},
  volume = 	 {48},
  number = 	 {1},
  pages = 	 {96-129},
  OPTmonth = 	 {},
  note = 	 {Disponível em: http://www.cs.umn.edu/${\sim}$karypis},
  OPTannote = 	 {}
}

%------------------------------------------------------------

@TechReport{Kuz-97,
author={S. Kuznetsov and G. Lo and Y. Saad},
title ={Parallel {S}olution of {G}eneral {S}parse {L}inear {S}ystems},
type ={Technical Report},
number={UMSI 97/98},
institution={Minnesota Supercomputer Institute, University of Minnesota},
year={1997}
}

%-------------------------------------------------------------

@Book{Kum-93,
  author = 	 {V. Kumar and A. Grama and A. Gupta and G. Karypis},
  ALTeditor = 	 {},
  title = 	 {Introduction to {P}arallel {C}oputing: {D}esign and {A}nalysis of {A}lgorithms},
  publisher = 	 {Benjamin Cummings Publishing Company},
  year = 	 {1993},
  OPTkey = 	 {},
  OPTvolume = 	 {},
  OPTnumber = 	 {},
  OPTseries = 	 {},
  address = 	 {},
  OPTedition = 	 {},
  OPTmonth = 	 {},
  OPTnote = 	 {},
  OPTannote = 	 {}
}


%-------------------------------------------------------------



@Book{Lew-98,
  author = 	 {B. Lewis and D. J. Berg},
  ALTeditor = 	 {},
  title = 	 {Multithreaded {P}rogramming {W}ith {P}threads},
  publisher = 	 {Sun Microsystems Press},
  year = 	 {1998},
  OPTkey = 	 {},
  OPTvolume = 	 {},
  OPTnumber = 	 {},
  OPTseries = 	 {},
  OPTaddress = 	 {},
  OPTedition = 	 {},
  OPTmonth = 	 {},
  OPTnote = 	 {},
  pages =        {382},
  OPTannote = 	 {}
}



%-------------------------------------------------------------



@Misc{lam,
  OPTkey = 	 {},
  author = 	 {A. Lumsdaine and J. Squyres and B. Barrett and S. Sankaran and M. Chablani and V. Sahay},
  title = 	 {{LAM / MPI} {P}arallel {C}omputin},
  howpublished =  {Disponível em: http://www.lam-mpi.org/. Acesso em: out. 2003},
  OPTmonth = 	 {},
  year = 	 {2003},
  OPTnote = 	 {},
  OPTannote = 	 {}
}

%-------------------------------------------------------------

@Article{Lui-98,
  author =       {S. H. Lui},
  title =        {On {S}chwarz {A}lternating {M}ethods for {N}onlinear {E}lliptic {P}roblems},
  journal =      {Contemporary Mathematics},
  year =         {1998},
  OPTkey =       {},
  volume =       {218},
  OPTnumber =    {},
  pages =        {447-452},
  OPTmonth =     {},
  OPTnote =      {},
  OPTannote =    {}
}

%-------------------------------------------------------------------


@Book{Mal-95,
  author = 	 {C. R. Maliska},
  ALTeditor = 	 {},
  title = 	 {Transferência de {C}alor e {M}ecânica dos {F}luídos {C}omputacional},
  publisher = 	 {Editora Livro Técnico e Científico},
  year = 	 {1995},
  OPTkey = 	 {},
  OPTvolume = 	 {},
  OPTnumber = 	 {},
  OPTseries = 	 {},
  OPTaddress = 	 {},
  OPTedition = 	 {},
  OPTmonth = 	 {},
  OPTnote = 	 {},
  OPTannote = 	 {}
}

%---------------------------------------------------------------------------

@Misc{market,
  OPTkey =       {},
  title =        {Matrix {M}arket},
  OPTauthor =    {},
  howpublished = {Disponível em: http://math.nist.gov/MatrixMarket/. Acesso em: out. 2003},
  OPTmonth =     {},
  year =         {2003},
  OPTnote =      {},
  OPTannote =    {}
}

		


%-------------------------------------------------------------



@MastersThesis{Mar-2001,
  author = 	 {A. L. Martinotto},
  title = 	 {Paralelização de {M}étodos {N}uméricos de {R}esolução de {S}istemas {E}sparsos de {E}quações {U}tilizando {MPI} e {P}threads},
  school =  {Universidade de Caxias do Sul},
  year = 	 {2001},
  OPTkey = 	 {},
  type = 	 {Trabalho de Conclusão (Curso de Ciência da Computação)},
  address = 	 {Caxias do Sul, RS},
  OPTmonth = 	 {},
  OPTnote = 	 {},
  OPTannote = 	 {}
}

%-------------------------------------------------------------

@MastersThesis{Mar-2002,
  author = 	 {A. L. Martinotto},
  title = 	 {Estudo de {P}ré-condicionadores para {M}étodos {I}terativos do {S}ubespaço de {K}rylov},
  school = 	 {Instituto de Informática, UFRGS} ,
  year = 	 {2002},
  OPTkey = 	 {},
  type = 	 {Trabalho Individual (Mestrado em Ciência da Computação)},
  address = 	 {Porto Alegre},
  OPTmonth = 	 {},
  OPTnote = 	 {},
  OPTannote = 	 {}
}

%-------------------------------------------------------------

@article{Mar-2002a,
  author    =   {A. L. Martinotto and E. J. Frizzo and R. V. Dorneles and T. A. Diverio},
  title     =   {{P}aralelização do {M}étodo {GMRES} com {MPI} e {P}threads},
  journal   =   {SCIENTIA},
  volume    =   {13},
  number    =   {1},
  year      =   {2002},
  pages     =   {99-112},
  publisher =   {Universidade do Vale do Rio dos Sinos},
  address   =   {São Leopoldo},
  note = {(artigo submetido ao ERAD 2001)}
}


%----------------------------------------------------------------

@article{Mar-2003,
  author    =   {A. L. Martinotto and D. Picinin and R. L. Rizzi and R. V. Dorneles and T. A. Diverio},
  title     =   {{M}étodos de {D}ecomposição de {D}omínio na {S}olução de {E}quações {D}iferenciais {P}arciais},
  journal   =   {Cadernos de Informática},
  volume    =   {3},
  number    =   {1},
  year      =   {2003},
  pages     =   {97-102},
  publisher =   {Instituto de Informática, UFRGS},
  address   =   {Porto Alegre},
}

%---------------------------------------------------------------

@article{Mar-2003a,
  author    =   {A. L. Martinotto and D. Picinin and R. L. Rizzi and R. V. Dorneles and T. A. Diverio},
  title     =   {{S}olução {P}aralela de {E}quações {D}iferenciais {P}arciais no {M}odelo {HIDRA}},
  journal   =   {Revista Perspectiva},
  volume    =   {27},
  number    =   {98},
  year      =   {2003},
  pages     =   {87-93},
  publisher =   {Universidade Regional Integrada do Alto Uruguai e das Missões},
  address   =   {Erechim},
}

%---------------------------------------------------------------

@MastersThesis{Mar-2004a,
  author = 	 {A. L. Martinotto},
  title = 	 {Resolução de {S}istemas de {E}quações {L}ineares através de {M}étodos de {D}ecomposição de {D}omínio},
  school = 	 {Instituto de Informática, UFRGS} ,
  year = 	 {2004},
  OPTkey = 	 {},
  OPTtype = 	 {},
  address = 	 {Porto Alegre},
  OPTmonth = 	 {},
  OPTnote = 	 {},
  OPTannote = 	 {}
}

%---------------------------------------------------------------

@InCollection{Mar-2004,
  author =       {A. L. Martinotto and D. Picinin and R. L. Rizzi and R. V. Dorneles and T. A. Diverio},
  title =        {{P}aralelização de {M}étodos {N}úmericos para a {S}olução de {S}istemas de {E}quações {L}ineares},
  booktitle =    {ERAD 2004},
  OPTpublisher = {SBC/UNISINOS/UFSM/UNILASALLE},
  year =         {2004},
  address =      {Pelotas, RS},
  note = {(a ser publicado)},
  OPTmonth =        {}
}
		

%---------------------------------------------------------------


@InProceedings{Gal-2002,
  author =       {G. Galante and J. I. Balbinot and A. L. Martinotto and R. L. Rizzi and T. A. Diverio},
  title =        {Avaliação do {D}esempenho de {D}uas Versões do {A}lgoritmo do {G}radiente {C}onjugado {P}aralelizado em {C}luster de {PC}s},
  booktitle =    {WSCAD - Workshop em Sistemas Computacionais de alto Desempenho, 3.},
  OPTcrossref =  {},
  OPTkey =       {},
  pages =        {162-163},
  year =         {2002},
  OPTeditor =    {},
  OPTvolume =    {},
  OPTnumber =    {},
  OPTseries =    {},
  address =      {Vitória - ES},
  OPTmonth =     {},
  organization = {SBC},
  OPTpublisher = {},
  OPTnote =      {},
}
%--------------------------------------------------------------



%-------------------------------------------------------------


@misc{metis,
    author = "G. Karypis and V. Kumar",
    title = "{METIS}: {A} {S}oftware {P}ackage for {P}artitioning {U}nstructured {G}raphs, {P}artitioning {M}eshes, and {C}omputing {F}ill-reducing {O}rderings of {S}parse {M}atrices",
    note = "Disponível em: http://www.cs.umn.edu/${\sim}$karypis. Acesso em: out. 2003",
    year = 1998,
}


%-------------------------------------------------------------





@Book{Mol-93,
  author = 	 {D. I. Moldovan},
  ALTeditor = 	 {},
  title = 	 {Parallel {P}rocessing from {A}pplications to {S}ystems},
  publisher = 	 {Morgan Kaufmann Publishers},
  year = 	 {1993},
  OPTkey = 	 {},
  OPTvolume = 	 {},
  OPTnumber = 	 {},
  OPTseries = 	 {},
  address = 	 {},
  OPTedition = 	 {},
  OPTmonth = 	 {},
  OPTnote = 	 {},
  OPTannote = 	 {}
}

%-------------------------------------------------------------

@misc{mpe,
    author = "A. Chan and W. Gropp and E. Lusk",
    title = "User's {G}uide for {MPE}: Extensions for {MPI} Programs",
    note = "Disponível em http://www-unix.mcs.anl.gov/mpi/mpich/. Acesso em: out. 2003",
    year = 2003,
}

 %-------------------------------------------------------------

@misc{jumpshot,
    author ={A. Chan and D. Ashton and R. Lusk and W. Gropp},
    title = {Jumpshot-4's {U}ser's {G}uide},
    note = {Disponível em http://www-unix.mcs.anl.gov/perfvis/software/viewers/. Acesso em: out. 2003},
    year = {2003},
}

%-------------------------------------------------------------


@PhdThesis{Nad-2001,
  author =       {S. A. Nadeem},
  title =        {{P}arallel {D}omain {D}ecomposition {P}reconditioning for the Adaptive {F}inite {E}lement {S}olution of {E}lliptic {P}roblems in {T}hree {D}imensions},
  school =       {School of Computing, The University of Leeds},
  year =         {2001},
  OPTkey =       {},
  OPTtype =      {},
  address =      {Leeds},
  OPTmonth =     {},
  OPTnote =      {},
  OPTannote =    {}
}


		   


%-------------------------------------------------------------

@Book{Nav-03,
  author =       {C. A. F. {DE ROSE} and  P. O. A. Navaux}, 
  ALTeditor =    {},
  title =        {Arquiteturas {P}aralelas},
  publisher =    {Editora Sagra-Luzzatto},
  year =         {2003},
  OPTkey =       {},
  OPTvolume =    {},
  OPTnumber =    {},
  OPTseries =    {},
  address =   {Porto Alegre},
  edition =   {1},
  OPTmonth =     {},
  OPTnote =      {},
  pages  =       {152},
  OPTannote =    {}
}
			      

%-------------------------------------------------------------
		

@Book{Nob-86,
  author = 	 {B. Noble and J. W. Danie},
  ALTeditor = 	 {},
  title = 	 {Álgebra {L}inear {A}plicada},
  publisher = 	 {Prentice-Hall},
  year = 	 {1986},
  OPTkey = 	 {},
  OPTvolume = 	 {},
  OPTnumber = 	 {},
  OPTseries = 	 {},
  address = 	 {Rio de Janeiro},
  OPTedition = 	 {},
  OPTmonth = 	 {},
  OPTnote = 	 {},
  pages  =       {378},
  OPTannote = 	 {}
}


%-------------------------------------------------------------

@Book{Oli-2001,
  author =       {R. S. Oliveira and A. S. Carissimi and S. S. Toscani},
  ALTeditor =    {},
  title =        {{S}istemas {O}peracionais},
  publisher =    {Editora Sagra-Luzzatto},
  year =         {2001},
  OPTkey =       {},
  OPTvolume =    {},
  OPTnumber =    {},
  OPTseries =    {},
  address =   {Porto Alegre},
  edition =   {2},
  OPTmonth =     {},
  OPTnote =      {},
  pages  =       {247},
  OPTannote =    {}
}

%--------------------------------------------------------------

@MastersThesis{Pal-2000,
  author =       {M. A. K. Palha},
  title =        {Avaliação de {D}esempenho e {P}erfilamento de {C}ódigo em {P}rogramas {P}aralelos},
  school =  {Universidade de Caxias do Sul},
  year =         {2000},
  OPTkey =       {},
  type =         {Trabalho de Conclusão (Curso de Ciência da Computação)},
  address =      {Caxias do Sul, RS},
  OPTmonth =     {},
  OPTnote =      {},
  OPTannote =    {}
}
		    


%-------------------------------------------------------------



@Misc{openmp,
  OPTkey = 	 {},
  title = 	 {{OPENMP}: {S}imple, {P}ortable, {S}calable {SMP} {P}rogramming},
  OPTauthor = 	 {},
  howpublished = {Disponível em: http://www.openmp.org/. Acesso em: out. 2003},
  OPTmonth = 	 {},
  year = 	 {2003},
  OPTnote = 	 {},
  OPTannote = 	 {}
}

%---------------------------------------------------------------

@Misc{omni,
  OPTkey =       {},
  title =        {Omni {O}pen{MP} {C}ompiler {P}roject},
  OPTauthor =    {},
  howpublished = {Disponível em: http://phase.hpcc.jp/Omni/. Acesso em: out. 2003},
  OPTmonth =     {},
  year =         {2003},
  OPTnote =      {},
  OPTannote =    {}
}
		
%------------------------------------------------------------------
@Misc{Papi-2003,
  OPTkey =       {},
  title =        {{PAPI} {U}ser's {G}uide},
  OPTauthor =    {},
  howpublished = {Disponível em: http://icl.cs.utk.edu/projects/papi/documents/. Acesso em: out. 2003},
  OPTmonth =     {},
  year =         {2003},
  OPTnote =      {},
  OPTannote =    {}
}


%-------------------------------------------------------------



@Book{Pac-97,
  author = 	 {P. S. Pacheco},
  ALTeditor = 	 {},
  title = 	 {Parallel {P}rogramming with {MPI}},
  publisher = 	 {Morgan Kaufmann},
  year = 	 {1997},
  OPTkey = 	 {},
  OPTvolume = 	 {},
  OPTnumber = 	 {},
  OPTseries = 	 {},
  address = 	 {San Francisco},
  OPTedition = 	 {},
  OPTmonth = 	 {},
  OPTnote = 	 {},
  pages =        {418},
  OPTannote = 	 {}
}

%------------------------------------------------------------

@Book{pvm-94,
  author =       {A. Geist and A. Beguelin and J. Dongarra and W. Jiang and R. Manchek and V. S. Sunderam},
  ALTeditor =    {},
  title =        {{PVM}: {P}arallel {V}irtual {M}achine},
  publisher =    {MIT Press},
  year =         {1994},
  OPTkey =       {},
  OPTvolume =    {},
  OPTnumber =    {},
  OPTseries =    {},
  address =      {Cambridge},
  OPTedition =   {},
  OPTmonth =     {},
  OPTnote =      {},
  pages =        {299},
  OPTannote =    {}
}
			      

%-------------------------------------------------------------
@Article{Pag-97,
  author =       {L. Paglieri and D. Ambrosi and L. Formaggia and A. Quarteroni and A. L. Scheinine},
  title =        {Parallel {C}omputation for {S}hallow {W}ater {F}low: A {D}omain {D}ecomposition {A}pproach},
  journal =      {Parallel Computing},
  year =         {1997},
  OPTkey =       {},
  volume =       {23},
  OPTnumber =    {},
  pages =        {1261-1277},
  OPTmonth =     {},
  OPTnote =      {},
  OPTannote =    {}
}






%-------------------------------------------------------------



@MastersThesis{Pic-2001,
  author = 	 {D. Picinin},
  title = 	 {Paralelização do {A}lgoritmo do {G}radiente {C}onjugado através da {B}iblioteca {MPI} e de {T}hreads},
  school = 	 {Instituto de Informática, UFRGS} ,
  year = 	 {2001},
  OPTkey = 	 {},
  type = 	 {Trabalho Individual (Mestrado em Ciência da Computação)},
  address = 	 {Porto Alegre},
  OPTmonth = 	 {},
  OPTnote = 	 {},
  OPTannote = 	 {}
}





%-------------------------------------------------------------



@InProceedings{Pic-2002,
  author = 	 {D. Picinin and A. L. Martinotto and R. L. Rizzi and R. V. Dorneles and T. A. Diverio and P. O. A. Navaux},
  title = 	 {Ordenação de {M}ensagens e {P}ré-condicionamento na {S}olução {P}aralela do {G}radiente {C}onjugado em {C}lusters de {PC}s {M}ultiprocessados},
  booktitle = 	 {WSCAD - Workshop em Sistemas Computacionais de alto Desempenho, 3.},
  OPTcrossref =  {},
  OPTkey = 	 {},
  pages = 	 {95-102},
  year = 	 {2002},
  OPTeditor = 	 {},
  OPTvolume = 	 {},
  OPTnumber = 	 {},
  OPTseries = 	 {},
  address = 	 {Vitória - ES},
  OPTmonth = 	 {},
  organization = {SBC},
  OPTpublisher = {},
  OPTnote = 	 {},
  OPTannote = 	 {}
}



%-------------------------------------------------------------



@InProceedings{Pic-2002a,
  author = 	 {D. Picinin and A. L. Martinotto and R. L. Rizzi and R. V. Dorneles and T. A. Diverio and P. O. A. Navaux},
  title = 	 {Parallelizing {C}onjugate {G}radiente {M}ethod for {C}lusters {U}sing {MPI} and {T}hreads},
  booktitle = 	 { Proceedings of the International Conference on Parallel and Distributed Processing Techniques and Applications, PDPTA},
  OPTcrossref =  {},
  OPTkey = 	 {},
  OPTpages = 	 {},
  year = 	 {2002},
  OPTeditor = 	 {},
  OPTvolume = 	 {},
  OPTnumber = 	 {},
  OPTseries = 	 {},
  address = 	 {Las Vegas},
  OPTmonth = 	 {},
  OPTorganization = {},
  publisher =    {[Las Vegas]: CSREA},
  OPTnote = 	 {},
  OPTannote = 	 {}
}



%-------------------------------------------------------------

@article{Pic-2003a,
  author    =   {D. Picinin and A. L. Martinotto and R. L. Rizzi and R. V. Dorneles and T. A. Diverio},
  title     =   {{P}aralelizações de {M}étodos {N}uméricos em {C}lusters {E}mpregando as {B}ibliotecas {MPICH}, {DECK} e {P}thread},
  journal   =   {Cadernos de Informática},
  volume    =   {3},
  number    =   {1},
  year      =   {2003},
  pages     =   {49-54},
  publisher =   {Instituto de Informática, UFRGS},
  address   =   {Porto Alegre},
}

%---------------------------------------------------------------------------

@InProceedings{Pic-2003b,
  author =       {D. Picinin and A. L. Martinotto and C. A. Holbig and R. L. Rizzi and R. V. Dorneles and T. A. Diverio and P. O. A. Navaux},
  title =        {Parallelization of {K}rylov's {S}ubspace {M}ethods in {M}ultiprocessor {PC} {C}lusters},
  booktitle =    {ParCo2003 - International Conference on Parallel Computing},
  OPTcrossref =  {},
  OPTkey =       {},
  OPTpages =     {},
  year =         {2003},
  OPTeditor =    {},
  OPTvolume =    {},
  OPTnumber =    {},
  OPTseries =    {},
  address =      {Dresden, Germany},
  OPTmonth =     {},
  organization = {Technical University of Dresden},
  OPTpublisher = {},
  OPTnote =      {},
  OPTannote =    {}
}
				   

%--------------------------------------------------------------

@InProceedings{Pic-01,
  author = 	 {D. Picinin and R. L. Rizzi and R. V. Dorneles and T. A. Diverio and P. O. A. Navaux},
  title = 	 {Paralelização de {M}étodos {I}terativos do {S}ubespaço de {K}rylov em {C}lusters {M}ultiprocessados},
  booktitle = 	 {CONGRESSO NACIONAL DE MATEMÁTICA APLICADA E COMPUTACIONAL, CNMAC},
  OPTcrossref =  {},
  OPTkey = 	 {},
  OPTpages = 	 {},
  year = 	 {2001},
  OPTeditor = 	 {},
  OPTvolume = 	 {},
  OPTnumber = 	 {},
  OPTseries = 	 {},
  address = 	 {Belo Horizonte},
  OPTmonth = 	 {},
  organization = {SBMAC},
  OPTpublisher = {},
  OPTnote = 	 {},
  OPTannote = 	 {}
}


%-------------------------------------------------------------




@MastersThesis{Pic-2003,
  author = 	 {D. Picinin},
  title = 	 {Paralelização de {M}étodos {N}uméricos em {C}lusters {E}mpregando as {B}ibliotecas {MPI}, {DECK} e {P}threads},
  school = 	 {Instituto de Informática, UFRGS} ,
  year = 	 {2003},
  OPTkey = 	 {},
  OPTtype = 	 {},
  address = 	 {Porto Alegre},
  OPTmonth = 	 {},
  OPTnote = 	 {},
  OPTannote = 	 {}
}


%-----------------------------------------------------------------
@Manual{Pim-2003,
  title =        {{PIM} 2.0 {T}he {P}arallel Iterative Methods Package for Systems of Linear Equations},
  OPTkey =       {},
  author =       {R. D. da Cunha and T. Hopkins},
  OPTorganization = {},
  OPTaddress =   {},
  OPTedition =   {},
  OPTmonth =     {},
  year =         {2003},
  OPTnote =      {},
  OPTannote =    {}
}


%-------------------------------------------------------------


@MastersThesis{Rez-2000,
  author = 	 {S. M. Rezende},
  title = 	 {Desenvolvimento de um {V}isualizador de {M}alhas {G}eradas pelo {SIGEM}},
  school = 	 {USP - São Carlos},
  year = 	 {2000},
  OPTkey = 	 {},
  type = 	 {Dissertação (Mestrado em Matemática)},
  address = 	 {São Carlos - SP},
  OPTmonth = 	 {},
  OPTnote = 	 {},
  OPTannote = 	 {}
}


%-------------------------------------------------------------
 
@MastersThesis{Pol-92,
  author =       {A. D. Pollard},
  title =        {Preconditioned {C}onjugate {G}radient {M}ethods for {S}erial and {P}arallel {C}omputers},
  school =       {Departament of Mathematics, University of Reading},
  year =         {1992},
  OPTkey =       {},
  type =         {Dissertação (Mestrado em Matemática)},
  OPTmonth =     {},
  OPTnote =      {},
  OPTannote =    {}
}


%-------------------------------------------------------------



@TechReport{Rig-99,
  author = 	 {E. H. Rigoni and T. A. Diverio and P. O. A. Navaux},
  title = 	 {Introdução a {P}rogramação em {C}lusters de {A}lto {D}esempenho},
  institution =  {PPGC do Instituto de Informática, UFRGS} , 
  year = 	 {1999},
  OPTkey = 	 {},
  OPTtype = 	 {},
  number = 	 {RP-305},
  address = 	 {Porto Alegre},
  OPTmonth = 	 {},
  OPTnote = 	 {},
  OPTannote = 	 {}
}

%------------------------------------------------------------------

@MastersThesis{Rig-2003,
  author =       {R. R. Righi},
  title =        {lib{VIP} - {D}esenvolvimento em {N}ível de {U}suário de uma {B}iblioteca de {C}omunicação que {I}mplementa o {P}rotocolo de {I}nterface {V}irtual},
  school =  {Universidade Federal de Santa Maria},
  year =         {2003},
  OPTkey =       {},
  type =         {Trabalho de Conclusão (Curso de Ciência da Computação)},
  address =      {Santa Maria, RS},
  OPTmonth =     {},
  OPTnote =      {},
  OPTannote =    {}
}
		    

%---------------------------------------------------------------

@Article{Rix-98,
  author =       {D. J. Rixen},
  title =        {Dual {S}chur {C}omplement {M}ethod for {S}emi-Definite {P}roblems},
 journal =      {Contemporary Mathematics},
 year =         {1998},
 OPTkey =       {},
 volume =       {218},
 OPTnumber =    {},
 pages =        {341-348},
 OPTmonth =     {},
 OPTnote =      {},
 OPTannote =    {}
}
		      

%-------------------------------------------------------------



@PhdThesis{Riz-2002,
  author = 	 {R. L. Rizzi},
  title = 	 {Modelo {C}omputacional {P}aralelo para a {H}idrodinâmica e para o {T}ransporte de {M}assa {B}idimensional e {T}ridimensional},
 school = 	 {Instituto de Informática, UFRGS} ,
  year = 	 {2002},
  OPTkey = 	 {},
  OPTtype = 	 {},
  address = 	 {Porto Alegre},
  OPTmonth = 	 {},
  OPTnote = 	 {},
  OPTannote = 	 {}
}

%--------------------------------------------------------------
@inproceedings{Riz-2002a,
    author = "R. L. Rizzi and R. V. Dorneles
              and P. O. A. Navaux and T. A. Diverio",
    title = "Parallel Solution in PC Clusters by the Schwarz Domain Decomposition for Three-dimensional Hydrodynamics Models",
    address = "Porto, Portugal",
    year = 2002,
    pages = "655-667",
    booktitle = "Proceedings in International Meeting on High Performance Computing for Computational Science, VECPAR, 5.",
  OPTeditor =    {},
  volume =   {},
  OPTnumber =    {},
  OPTseries =    {},
  OPTmonth =     {},
  organization = {Porto:Faculdade de Engenharia da Universidade do Porto},
  publisher =    {Porto:Faculdade de Engenharia da Universidade do Porto},
  OPTnote =      {},
  OPTannote =    {}
}
%-------------------------------------------------------------

@inproceedings{Dor-2004,
author = "R. V. Dorneles and R. L. Rizzi and Andre L. Martinotto and Delcino
Picinin Jr. and P. O. A. Navaux and T. A. Diverio",
title = "Parallel Computational Model with Dynamic Load Balancing in PC
Clusters",
address = "Valencia, Espanha",
year = 2004,
pages = "",
booktitle = "Proceedings in International Meeting on High Performance
Computing for Computational Science, VECPAR, 6.",
OPTeditor = {},
volume = {},
OPTnumber = {},
OPTseries = {},
OPTmonth = {},
organization = {Valencia:Universitat Politécnica de Valencia},
publisher = {Valencia:Universitat Politécnica de Valencia},
note = {(Aceito para publicação)},
OPTannote = {}
}

%-------------------------------------------------------------
@MastersThesis{Riz-99,
  author =       {R. L. Rizzi},
  title =        {Técnicas {M}atemáticas e {C}omputacionais para {M}odelos {M}eteorológicos},
  school =       {Instituto de Informática, UFRGS} ,
  year =         {1999},
  OPTkey =       {},
  type =         {Exame de Qualificação (Doutorado em Ciência da Computação)},
  address =      {Porto Alegre},
  OPTmonth =     {},
  OPTnote =      {},
  OPTannote =    {}
}
		    

%-------------------------------------------------------------





@PhdThesis{Riz-01,
  author = 	 {R. L. Rizzi},
  title = 	 {Modelo  {C}omputacional  {P}aralelo para a {H}idrodinâmica e para o {T}ransporte de  {M}assa  2-{D} e  3-{D}},
  school =       {Instituto de Informática, UFRGS} ,
  year = 	 {2001},
  OPTkey = 	 {},
  type = 	 {Proposta de Tese (Doutorado em Ciência da Computação)},
  address = 	 {Porto Alegre},
  OPTmonth = 	 {},
  OPTnote = 	 {},
  OPTannote = 	 {}
}

%-------------------------------------------------------------

@misc{Rou-93,
    author = {F-X. Roux},
    title = {Domain {D}ecomposition {M}ethods and {D}istributed {M}emory {M}achines},
    note = {Disponível em http://citeseer.nj.nec.com/159262.html. Acesso em: fev. 2004},
    year = 1993,
}
		

%-------------------------------------------------------------



@Book{Saa-96,
  author = 	 {Y. Saad},
  ALTeditor = 	 {},
  title = 	 {Iterative {M}ethods for {S}parse {L}inear {S}ystems},
  publisher = 	 {PWS Publishing Company},
  year = 	 {1996},
  OPTkey = 	 {},
  OPTvolume = 	 {},
  OPTnumber = 	 {},
  OPTseries = 	 {},
  OPTaddress = 	 {},
  OPTedition = 	 {},
  OPTmonth = 	 {},
  OPTnote = 	 {},
  OPTannote = 	 {}
}

%------------------------------------------------------------------------------------

@Article{Saa-99,
 author =       {Y. Saad and M. Sosonkina},
 title =        {Distributed {S}chur {C}omplement {T}echniques for {G}eneral {S}parse {L}inear {S}ystems},
 journal =      {SIAM Journal on Scientific Computing},
 year =         {1999},
 OPTkey =       {},
 volume =    {21},
 number =    {4},
 pages =        {1337-1356},
 OPTmonth =     {},
 OPTnote =      {},
 OPTannote =    {}
}
	   


%-------------------------------------------------------------



@Book{Saa-2002,
  author = 	 {Y. Saad},
  ALTeditor = 	 {},
  title = 	 {Iterative {M}ethods for {L}arge {S}parse {M}atrix {P}roblems: {P}arallel {I}mplementations},
  publisher = 	 {Brisbane},
  year = 	 {2002},
  OPTkey = 	 {},
  OPTvolume = 	 {},
  OPTnumber = 	 {},
  OPTseries = 	 {},
  OPTaddress = 	 {},
  OPTedition = 	 {},
  OPTmonth = 	 {},
  OPTnote = 	 {},
  OPTannote = 	 {}
}



%-------------------------------------------------------------


@MastersThesis{San-2001,
  author = 	 {L. L. P. Santos and R. V. Dorneles},
  title = 	 {Particionamento de {G}rafos},
  school =  {Universidade de Caxias do Sul},
  year = 	 {2001},
  OPTkey = 	 {},
  type = 	 {Trabalho de Conclusão (Curso de Ciência da Computação)},
  address = 	 {Caxias do Sul, RS},
  OPTmonth = 	 {},
  OPTnote = 	 {},
  OPTannote = 	 {}
}




%-------------------------------------------------------------



@Misc{Sch-2000,
  OPTkey = 	 {},
  author = 	 {K. Schloegel and G. Karypis and V. Kumar},
  title = 	 {Graph {P}artitioning for {H}igh {P}erformance {S}cientific {S}imulations},
  howpublished =  {Disponível em: http://www-users.cs.umn.edu/~karypis/publications/partitioning.html. Acesso em: out. 2003},
  OPTmonth = 	 {},
  year = 	 {2000},
  OPTnote = 	 {},
  OPTannote = 	 {}
}

%-------------------------------------------------------------
 
@misc{scotch,
    author = "F. Pellegrini",
    title = "{S}cotch 3.1 {U}ser's {G}uide",
    note = "Disponível em: http://www.labri.fr/Perso/${\sim}$pelegrin/scotch.
           Acesso em: out. de 2003",
    year = 1996,
}

%-------------------------------------------------------------



@Misc{She-94,
  OPTkey = 	 {},
  author = 	 {J. R. Shewchuk},
  title = 	 {{A}n {I}ntroduction to the {C}onjugate {G}radient {M}ethod without the {A}gonizing {P}ain},
  howpublished =  {Disponível em: http://www.cs.cmu.edu/${\sim}$jrs/jrspapers.html . Acesso em: out. 2003},
  OPTmonth = 	 {},
  year = 	 {1994},
  OPTnote = 	 {},
  OPTannote = 	 {}
}




%-------------------------------------------------------------



@Book{Sil-2000,
  author = 	 {A. Silberschatz and P. B. Galvin},
  ALTeditor = 	 {},
  title = 	 {Operating {S}ystem {C}oncepts},
  publisher = 	 {Prentice Hall},
  year = 	 {2000},
  OPTkey = 	 {},
  OPTvolume = 	 {},
  OPTnumber = 	 {},
  OPTseries = 	 {},
  address = 	 {São Paulo},
  OPTedition = 	 {},
  OPTmonth = 	 {},
  OPTnote = 	 {},
  pages   =      {696},
  OPTannote = 	 {}
}

%-----------------------------------------------------------

@MastersThesis{Sil-86,
  author =       {A. L. L. Silveira},
  title =        {{M}odelo {H}idrodinâmico {B}idimensional com {A}plicação ao {R}io {G}uaíba},
  school =       {Instituto de Pesquisas Hidráulicas, UFRGS},
  year =         {1986},
  OPTkey =       {},
  type =         {Dissertação de Mestrado},
  address =      {Porto Alegre},
  OPTmonth =     {},
  OPTnote =      {},
  OPTannote =    {}
}

%-------------------------------------------------------------



@Article{Sil-97,
  author = 	 {R.S. Silva and R.C. Almeida and A.C.N. {GALEÃO} and A.L.G.A. Coutinho},
  title = 	 {Iterative {L}ocal {S}olvers for {D}istributed {K}rylov-{S}chwarz {M}ethods {A}pplied to {C}onvection-{D}iffusion {P}roblems},
  journal = 	 {Computer Methods for Applied Mechanics and Engineering},
  year = 	 {1997},
  OPTkey = 	 {},
  volume = 	 {149},
  OPTnumber = 	 {},
  OPTpages = 	 {353-362},
  OPTmonth = 	 {},
  OPTnote = 	 {},
  OPTannote = 	 {}
}


%------------------------------------------------------

@TechReport{Smi-92,
  author =       {B. F. Smith},
  title =        {Domain {D}ecomposition {M}ethods for {P}artial {D}ifferential {E}quations},
  institution =  {Mathematics and Computer Science Division, Argonne National Laboratory},
  year =         {1992},
  OPTkey =       {},
  OPTtype =      {},
  OPTnumber =    {},
  address =      {Argonne},
  OPTmonth =     {},
  OPTnote =      {},
  OPTannote =    {}
}

%-------------------------------------------------------------


@MastersThesis{Sla-97,
  author = 	 {V. M. P. Slaviero},
  title = 	 {O {M}étodo do {G}radiente {C}onjugado com {P}roduto {I}nterno {G}eral},
  school =  {Instituto de Matemática, UFRGS},
  year = 	 {1997},
  OPTkey = 	 {},
  type = 	 {},
  address = 	 {Porto Alegre},
  OPTmonth = 	 {},
  OPTnote = 	 {},
  OPTannote = 	 {}
}


%-------------------------------------------------------------

@Book{Sni-96,
  author = 	 {M. Snir and S. Otto and S. Huss-Ledermann and D. Walker and J. Dongarra},
  ALTeditor = 	 {},
  title = 	 {{MPI}: {T}he {C}omplete {R}eference},
  publisher = 	 {MIT Press},
  year = 	 {1996},
  OPTkey = 	 {},
  OPTvolume = 	 {},
  OPTnumber = 	 {},
  OPTseries = 	 {},
  OPTaddress = 	 {},
  OPTedition = 	 {},
  OPTmonth = 	 {},
  OPTnote = 	 {},
  OPTannote = 	 {}
}

%-------------------------------------------------------------

@Manual{sparselib,
  title = { {S}parse{L}ib++ :  {S}parse {M}atrix {C}lass {L}ibrary {R}eference {G}uide},
  OPTkey =       {},
  author =       {R. Pozo and K. A. Remington and A. Lumsdaine},
  OPTorganization = {},
  OPTaddress =   {},
  OPTedition =   {},
  OPTmonth =     {},
  year =         {1996},
  OPTnote =      {},
  OPTannote =    {}
}
		    

%-------------------------------------------------------------

@Misc{petsc,
  OPTkey = 	 {},
  author = 	 {B. Smith and  S. Balay and  M. Knepley and H. Zhang and K. Buschelman},
  title = 	 {{T}he {P}ortable, {E}xtensible {T}oolkit for {S}cientific {C}omputation},
  howpublished =  {Disponível em: http://www-unix.mcs.anl.gov/petsc. Acesso em: out. 2003},
  OPTmonth = 	 {},
  year = 	 {2003},
  OPTnote = 	 {},
  OPTannote = 	 {}
}



%-------------------------------------------------------------



@Book{Smi-96,
  author = 	 {B. Smith and P. Bjorstad and W. Gropp},
  ALTeditor = 	 {},
  title = 	 {{D}omain {D}ecomposition: {P}arallel {M}ultilevel {M}ethods for {E}lliptic {P}artial {D}ifferential {E}quations},
  publisher = 	 {Cambridge University Pres},
  year = 	 {1996},
  OPTkey = 	 {},
  OPTvolume = 	 {},
  OPTnumber = 	 {},
  OPTseries = 	 {},
  address = 	 {Cambridge},
  OPTedition = 	 {},
  OPTmonth = 	 {},
  OPTnote = 	 {},
  OPTannote = 	 {}
}

%-------------------------------------------------------------



@Book{Tan-95,
  author = 	 {A. S. Tanenbaum},
  ALTeditor = 	 {},
  title = 	 {Sistemas {O}peracionais {M}odernos},
  publisher = 	 {Prentice Hall do Brasil},
  year = 	 {1995},
  OPTkey = 	 {},
  OPTvolume = 	 {},
  OPTnumber = 	 {},
  OPTseries = 	 {},
  address = 	 {Rio de Janeiro},
  edition = 	 {Fourth},
  OPTmonth = 	 {},
  OPTnote = 	 {},
  OPTannote = 	 {}
}

%-------------------------------------------------------------

@InProceedings{Tan-98,
  author =     {Y. Tanaka and M. Matsuda and M. Ando and K. Kubota and M. Sato},
  title =        {{COMP}a{S}: {A} {P}entium {P}ro {P}C-based {SMP} {C}luster and {I}ts {E}xperience},
  booktitle =    {IPPS Workshop on Personal Computer Based Networks of Workstations},
  OPTcrossref =  {},
  OPTkey =       {},
  pages =        {486-497},
  year =         {1998},
  OPTeditor =    {},
  OPTvolume =    {},
  OPTnumber =    {},
  OPTseries =    {},
  OPTaddress =      {},
  OPTmonth =     {},
  OPTorganization = {},
  OPTpublisher = {},
  OPTnote =      {}
}				


%-------------------------------------------------------------



@Book{Tan-99,
  author = 	 {A. S. Tanenbaum},
  ALTeditor = 	 {},
  title = 	 {Structured {C}omputer {O}rganization},
  publisher = 	 {Prentice Hall},
  year = 	 {1999},
  OPTkey = 	 {},
  OPTvolume = 	 {},
  OPTnumber = 	 {},
  OPTseries = 	 {},
  OPTaddress = 	 {},
  edition = 	 {Fourth},
  OPTmonth = 	 {},
  OPTnote = 	 {},
  OPTannote = 	 {}
}

%-------------------------------------------------------------




@MastersThesis{Teo-98,
  author = 	 {A. Teodoro},
  title = 	 {{G}eração {A}utomatizada de {M}alhas},
  school = 	 {USP - São Carlos},
  year = 	 {1998},
  OPTkey = 	 {},
  type = 	 {Dissertação (Mestrado em Matemática)},
  address = 	 {São Carlos - SP},
  OPTmonth = 	 {},
  OPTnote = 	 {},
  OPTannote = 	 {}
}

%-------------------------------------------------------------

@Book{Tos-2001,
  author = 	 {L. V. Toscani and P. A. S. Veloso},
  ALTeditor = 	 {},
  title = 	 {{C}omplexidade de {A}lgoritmos},
  publisher = 	 {Editora Sagra Luzzatto},
  year = 	 {2001},
  OPTkey = 	 {},
  OPTvolume = 	 {},
  OPTnumber = 	 {},
  OPTseries = 	 {},
  OPTaddress = 	 {},
  OPTedition = 	 {},
  OPTmonth = 	 {},
  OPTnote = 	 {},
  OPTannote = 	 {}
}

%--------------------------------------------------------------

@Book{Tos-2003,
  author =       {S. S. Toscani  and R. S. Oliveira and A. S. Carissimi},
  ALTeditor =    {},
  title =        {{S}istemas {O}peracionais e {P}rogramação {C}oncorrente}, 
  publisher =    {Editora Sagra-Luzzatto},
  year =         {2003},
  OPTkey =       {},
  OPTvolume =    {},
  OPTnumber =    {},
  OPTseries =    {},
  address =   {Porto Alegre},
  edition =   {1},
  OPTmonth =     {},
  OPTnote =      {},
  pages  =       {247},
  OPTannote =    {}
}

			      

%-------------------------------------------------------------
 
 
 
@Book{Var-99,
  author =       {R. S. Vargas},
  ALTeditor =    {},
  title =        {Matrix {I}terative {A}nalisys},
  publisher =    {Springer Series in Computational Mathematics},
  year =         {1999},
  OPTkey =       {},
  volume =       {1},
  OPTnumber =    {},
  OPTseries =    {},
  address =      {},
  OPTedition =   {},
  OPTmonth =     {},
  OPTnote =      {},
  OPTpages  =    {359},
  OPTannote =    {}
}

%-------------------------------------------------------------

@Book{Wes-92,
  author = {P. Wesseling},
  title = {Introduction to {M}ultigrid {M}ethods},
  publisher = {John Wiley \& Sons},
  address = {Chichester},
  year = {1992}
}  
  

%-------------------------------------------------------------
@Book{Wes-2001,
  author = 	 {D. B. West},
  ALTeditor = 	 {},
  title = 	 {Introduction to {G}raph {T}heory},
  publisher = 	 {Prentice Hall},
  year = 	 {2001},
  OPTkey = 	 {},
  OPTvolume = 	 {},
  OPTnumber = 	 {},
  OPTseries = 	 {},
  address = 	 {Upper Saddle River},
  OPTedition = 	 {},
  OPTmonth = 	 {},
  OPTnote = 	 {},
  OPTannote = 	 {}
}

%-------------------------------------------------------------



@Misc{aztec,
  OPTkey = 	 {},
 author = 	 {R. S. Tuminaro and J. N. Shadid and M. Heroux},
  title = 	 {A {M}assively {P}arallel {I}terative {S}olver {L}ibrary for {S}olving {S}parse {L}inear {S}ystems}, 
  howpublished =  {Disponível em: http://www.cs.sandia.gov/CRF/aztec1.html. Acesso em: out. 2003},
  OPTmonth = 	 {},
  year = 	 {2003},
  OPTnote = 	 {},
  OPTannote = 	 {}
}

%---------------------------------------------------------------

@InCollection{Tra-2003,
  author =       {Lisandro L. Trarbach and M. C. Zembrzuski and A. L. Martinotto and D. Picinin and T. A. Diverio},
  title =        {Uso de {C}ontadores de {H}ardware para {A}nálise de {D}esempenho e {O}timização},
  booktitle =    {ERAD 2004},
  OPTpublisher = {SBC/UNISINOS/UFSM/UNILASALLE},
  year =         {2004},
  address =      {Pelotas, RS},
  note = {(a ser publicado)},
  OPTmonth =        {}
  
}


%---------------------------------------------------------------

@InCollection{Zem-2003,
  author =       {M. C. Zembrzuski and Lisandro L. Trarbach and A. L. Martinotto and D. Picinin and T. A. Diverio},
  title =        {Estudo Comparativo na {E}xploração de {P}aralelismo em {A}mbientes de {M}emória {C}ompartilhada},
  booktitle =    {ERAD 2004},
  OPTpublisher = {SBC/UNISINOS/UFSM/UNILASALLE},
  year =         {2004},
  address =      {Pelotas, RS},
  note = {(a ser publicado)},
  OPTmonth =        {}
}	

	      

%---------------------------------------------------------------------

@InCollection{Gal-2003,
  author =       {G. Galante and A. L. Martinotto and R. L. Rizzi and T. A. Diverio},
  title =        {Solução {P}aralela de {S}istemas de {E}quações {L}ineares {A}través de {M}étodos de {D}ecomposição de {D}omínio},
  booktitle =    {ERAD 2004},
  OPTpublisher = {SBC/UNISINOS/UFSM/UNILASALLE},
  year =         {2004},
  address =      {Pelotas, RS},
  note = {(a ser publicado)},
  OPTmonth =        {}
}

		














