% This file was created with JabRef 2.6.
% Encoding: MacRoman

@INPROCEEDINGS{ahmed2008interest,
  author = {Ahmed, Dewan Tanvir and Shirmohammadi, Shervin},
  title = {A Dynamic Area of Interest Management and Collaboration Model for
	P2P MMOGs},
  booktitle = {Proceedings of the 2008 12th IEEE/ACM International Symposium on
	Distributed Simulation and Real-Time Applications},
  year = {2008},
  series = {DS-RT '08},
  pages = {27--34},
  address = {Washington, DC, USA},
  publisher = {IEEE Computer Society},
  acmid = {1467986},
  bdsk-url-1 = {http://dx.doi.org/10.1109/DS-RT.2008.20},
  date-added = {2011-07-08 15:27:03 +0200},
  date-modified = {2011-07-08 15:27:21 +0200},
  doi = {http://dx.doi.org/10.1109/DS-RT.2008.20},
  isbn = {978-0-7695-3425-1},
  keywords = {Area of Interest Management, Collaboration, MMOG},
  numpages = {8},
  url = {http://dx.doi.org/10.1109/DS-RT.2008.20}
}

@MISC{guildwars,
  author = {ArenaNet},
  title = {Guild Wars},
  note = {http://www.guildwars.com/},
  date-added = {2011-07-08 15:28:53 +0200},
  date-modified = {2011-07-08 15:28:53 +0200}
}

@INPROCEEDINGS{bezerra2008a3,
  author = {Bezerra, Carlos Eduardo and Cecin, F\'{a}bio R. and Geyer, Cl\'{a}udio
	F. R.},
  title = {A3: A Novel Interest Management Algorithm for Distributed Simulations
	of MMOGs},
  booktitle = {Proceedings of the 2008 12th IEEE/ACM International Symposium on
	Distributed Simulation and Real-Time Applications},
  year = {2008},
  series = {DS-RT '08},
  pages = {35--42},
  address = {Washington, DC, USA},
  publisher = {IEEE Computer Society},
  acmid = {1467987},
  bdsk-url-1 = {http://dx.doi.org/10.1109/DS-RT.2008.11},
  date-added = {2011-07-08 15:21:00 +0200},
  date-modified = {2011-07-08 15:21:15 +0200},
  doi = {http://dx.doi.org/10.1109/DS-RT.2008.11},
  isbn = {978-0-7695-3425-1},
  keywords = {interest management, MMOG, distributed simulation},
  numpages = {8},
  url = {http://dx.doi.org/10.1109/DS-RT.2008.11}
}

@MISC{worldofwarcraft,
  author = {Blizzard},
  title = {World of Warcraft},
  year = {2004},
  note = {http://www.worldofwarcraft.com/},
  date-added = {2011-07-08 15:28:52 +0200},
  date-modified = {2011-07-08 15:28:52 +0200}
}

@MISC{warcraft3,
  author = {Blizzard},
  title = {Warcraft \mbox{III}},
  year = {2002},
  note = {http://www.blizzard.com/war3/},
  date-added = {2011-07-08 15:28:54 +0200},
  date-modified = {2011-07-08 15:28:54 +0200}
}

@MISC{diablo2,
  author = {Blizzard},
  title = {Diablo 2},
  year = {2000},
  note = {http://www.idsoftware.com/games/quake/},
  date-added = {2011-07-08 15:28:57 +0200},
  date-modified = {2011-07-08 15:28:57 +0200}
}

@MISC{broodwar,
  author = {Blizzard},
  title = {Starcraft: Brood War},
  year = {1998},
  note = {http://www.blizzard.com/broodwar/},
  date-added = {2011-07-08 15:28:53 +0200},
  date-modified = {2011-07-08 15:28:53 +0200}
}

@MISC{eveonline,
  author = {CCP},
  title = {EVE Online},
  year = {2003},
  note = {http://www.eve-online.com/},
  date-added = {2011-07-08 15:28:57 +0200},
  date-modified = {2011-07-08 15:28:57 +0200}
}

@MISC{everquest,
  author = {Sony Online Entertainment},
  title = {EverQuest},
  note = {http://www.everquest.com/},
  date-added = {2011-07-08 15:28:48 +0200},
  date-modified = {2011-07-08 15:28:48 +0200}
}

@MISC{planetside,
  author = {Sony Online Entertainment},
  title = {PlanetSide},
  note = {http://www.planetside.com/},
  date-added = {2011-07-08 15:28:52 +0200},
  date-modified = {2011-07-08 15:28:52 +0200}
}

@MISC{lineage2,
  author = {NCsoft},
  title = {Lineage {II}},
  year = {2003},
  note = {http://www.lineage2.com/},
  date-added = {2011-07-08 15:28:56 +0200},
  date-modified = {2011-07-08 15:28:56 +0200}
}

@MISC{ultimaonline,
  author = {Origin},
  title = {Ultima Online},
  note = {http://www.owo.com/},
  date-added = {2011-07-08 15:28:51 +0200},
  date-modified = {2011-07-08 15:28:51 +0200}
}

@MISC{quake,
  author = {id Software},
  title = {Quake},
  year = {1996},
  note = {http://www.idsoftware.com/games/quake/},
  date-added = {2011-07-08 15:28:56 +0200},
  date-modified = {2011-07-08 15:28:56 +0200}
}

@INPROCEEDINGS{ta2008nas,
  author = {Ta, Duong and Zhou, Suiping and Cai, Wentong and Tang, Xueyan and
	Ayani, Rassul},
  title = {Network-Aware Server Placement for Highly Interactive Distributed
	Virtual Environments},
  booktitle = {Proceedings of the 2008 12th IEEE/ACM International Symposium on
	Distributed Simulation and Real-Time Applications},
  year = {2008},
  series = {DS-RT '08},
  pages = {95--102},
  address = {Washington, DC, USA},
  publisher = {IEEE Computer Society},
  acmid = {1467995},
  annote = {Deploys the overlay network based on the real network topology},
  bdsk-url-1 = {http://dx.doi.org/10.1109/DS-RT.2008.31},
  date-added = {2011-07-08 15:25:04 +0200},
  date-modified = {2011-07-08 15:26:07 +0200},
  doi = {http://dx.doi.org/10.1109/DS-RT.2008.31},
  isbn = {978-0-7695-3425-1},
  numpages = {8},
  url = {http://dx.doi.org/10.1109/DS-RT.2008.31}
}

@MISC{travian,
  author = {Travian},
  title = {Travian},
  year = {2004},
  note = {http://www.travian.com/},
  date-added = {2011-07-08 15:28:58 +0200},
  date-modified = {2011-07-08 15:28:58 +0200}
}

@MISC{counterstrike,
  author = {Valve},
  title = {Counter-Strike},
  year = {2000},
  note = {http://www.counter-strike.net/},
  date-added = {2011-07-08 15:28:55 +0200},
  date-modified = {2011-07-08 15:28:55 +0200}
}

@ARTICLE{vilanova2008psm,
  author = {Vilanova, Felipe J. and Bezerra, Carlos Eduardo B. and Crippa, Marcos
	Rates and Cecin, F{\'a}bio R. and Geyer, Cl{\'a}udio F. R.},
  title = {{P2PSE - A Peer-to-Peer Support for Multiplayer Games}},
  journal = {VII Brazilian Symposium on Computer Games and Digital Entertainment
	- Computing Track, 2008, Belo Horizonte, MG, Brazil},
  year = {2008},
  pages = {47--53},
  date-added = {2011-07-08 15:31:10 +0200},
  date-modified = {2011-07-08 15:31:10 +0200}
}

@INPROCEEDINGS{,
  title = {Improving Gaming Experience in Zonal MMOGs},
  owner = {Eduardo},
  timestamp = {2011.07.08}
}

