@article{lamport1998ptp,
  title={The part-time parliament},
  author={Lamport, L.},
  journal={ACM Transactions on Computer Systems (TOCS)},
  volume={16},
  number={2},
  pages={133--169},
  year={1998},
  publisher={ACM}
}

@inproceedings{rodrigues2000atomic,
  title={Atomic broadcast in asynchronous crash-recovery distributed systems},
  author={Rodrigues, L. and Raynal, M.},
  booktitle={Distributed Computing Systems, 2000. Proceedings. 20th International Conference on},
  pages={288--295},
  year={2000},
  organization={IEEE}
}