@article{lamport1998ptp,
  title={The part-time parliament},
  author={Lamport, L.},
  journal={ACM Transactions on Computer Systems (TOCS)},
  volume={16},
  number={2},
  pages={133--169},
  year={1998},
  publisher={ACM}
}

@inproceedings{rodrigues2000atomic,
  title={Atomic broadcast in asynchronous crash-recovery distributed systems},
  author={Rodrigues, L. and Raynal, M.},
  booktitle={Distributed Computing Systems, 2000. Proceedings. 20th International Conference on},
  pages={288--295},
  year={2000},
  organization={IEEE}
}

@article{fischer1985idc,
 author = {Fischer, Michael J. and Lynch, Nancy A. and Paterson, Michael S.},
 title = {Impossibility of distributed consensus with one faulty process},
 journal = {J. ACM},
 volume = {32},
 issue = {2},
 month = {April},
 year = {1985},
 issn = {0004-5411},
 pages = {374--382},
 numpages = {9},
 url = {http://doi.acm.org/10.1145/3149.214121},
 doi = {http://doi.acm.org/10.1145/3149.214121},
 acmid = {214121},
 publisher = {ACM},
 address = {New York, NY, USA},
} 