@Inproceedings{bharambe2002,
  author =       {Bharambe, A. R. and Rao, S. and Seshan, S.},
  title = 	 {Mercury: A Scalable Publish-Subscribe System for Internet Games},
  booktitle = 	 {Proceedings of the first workshop on Network and system support for games},
  year = 	 {2002},
  publisher =    {New York: ACM Press}
}

@Inproceedings{archers1500,
  author =       {Bettner, P. and Terrano, M.},
  title = 	 {1500 Archers on a 28.8: Network Programming in Age of Empires and Beyond},
  booktitle = {Game Developer's Conference},
  note = {Disponível em: <http://www.gamasutra.com/features/20010322/terrano\_01.htm>. Acesso em: jan. 2005},
  year = 	 {2001},
  type = {Proceedings}
}

% FIXME "Anais..."
@Inproceedings{baughman2001,
  author = {Baughman, N. E. and Levine, B. N.},
  title = {Cheat-Proof Playout for Centralized and Distributed Online Games},
  booktitle = {Annual Joint Conference of the IEEE Computer and Communications Societies},
  year = {20., 2002},
  publisher = {[S.l.]: IEEE Press},
  type = {Proceedings}
}


@Misc{everquest,
  author =       {Sony},
  title = 	 {EverQuest},
  note = 	 {2004. Disponível em: <http://www.everquest.com/>. Acesso em: jan. 2005},
  year = 	 {2004}
}

@Misc{quake,
  author =       "{ID~SOFTWARE}",
  title = 	 {Quake},
  note = 	 {2004. Disponível em: <http://www.idsoftware.com/>. Acesso em: jan. 2005},
  year = 	 {2004}
}

@Misc{halflife,
  author =       {VALVe},
  title = 	 {Half-life},
  note = 	 {2004. Disponível em: <http://half-life.sierra.com/>. Acesso em: jan. 2005},
  year = 	 {2004}
}


@Misc{ultimaonline,
  author =       {Origin},
  title = 	 {Ultima Online},
  note = 	 {2004. Disponível em: <http://www.owo.com/>. Acesso em: jan. 2005},
  year = 	 {2004}
}

@Misc{butterfly,
  author = {Butterfly.net},
  title = 	 {Powering Next-generation Gaming with Computing On-Demand},
  note = 	 {White Paper. Disponível em: <http://www.butterfly.net/platform/technology/idc.pdf>. Acesso em: jan. 2005},
  year = 	 {2003}
}

@Misc{mmoworlds,
  author =       {MMOWORLDS.COM},
  title = 	 {Games list},
  url = 	 {http://www.mmoworlds.com/index.php?page=liste\_jeux},
  year = 	 {2004}
}

@Inproceedings{cecin2003wjogos,
  author =       {Cecin, F. R. and Barbosa, J. L. V. and Geyer, C. F. R.},
  title = 	 {FreeMMG: An Hybrid Peer-to-Peer, Client-Server, and Distributed Massively Multiplayer Game Simulation Model},
  booktitle = 	 {Brazilian Workshop on Games and Digital Entertainment},
  month =        {November},
  year = 	 {2003},
  address = {Salvador},
  publisher = {Rio de Janeiro: SBC},
  type = {Proceedings}
}

@Inproceedings{pantel,
  author =       {Pantel, L. and Wolf, L.},
  title = 	 {On the Impact of Delay on Real-Time Multiplayer Games},
  booktitle = 	 {International Workshop on Network and Operating Systems Support for Digital Audio and Video, 12.},
  year = 	 {2002},
  publisher =    {New York: ACM Press},
  type = {Proceedings}
}

@Mastersthesis{cunnin2000,
  author =       {Cunnin, Ian J.},
  title = 	 {Load Balancing Schemes for Distributed Real-Time Interactive Simulations},
  school = 	 {University of Waterloo, Ontario, Canada},
  year = 	 {2000}
}

@Misc{guildwars,
  author =       {ArenaNet},
  title = 	 {Guild Wars},
  url = 	 {http://www.guildwars.com/},
  year = 	 {2004}
}

@Inproceedings{fiedler2002,
  author =       {Fiedler, S. and Wallner, M. and Weber, M.},
  title = 	 {A Communications Architecture for Massive Multiplayer Games},
  booktitle = 	 {Proceedings of the first workshop on Network and system support for games},
  year = 	 {2002},
  publisher =    {New York: ACM Press}
}

@Misc{ageofempires,
  author =       {Ensemble},
  title = 	 {Age of Empires II},
  note = 	 {2003. Disponível em: <http://microsoft.com/games/age2>. Acesso em: jan. 2005},
  year = 	 {2003}
}


@Book{fujimoto2000,
  author = {Fujimoto, R. M.},
  title = {Parallel and distributed simulation systems},
  publisher = {John Wiley},
  address = {New York},
  year = {2000}
}

@Misc{planetside,
  author =       {Sony},
  title = 	 {PlanetSide},
  note = 	 {2004. Disponível em: <http://www.planetside.com/>. Acesso em: jan. 2005},
  year = 	 {2004}
}



@Misc{prevayler,
  author =       {Prevayler.org},
  title = 	 {Prevayler},
  url = 	 {http://www.prevayler.org/},
  year = 	 {2004}
}

@Misc{igda2003,
  author =       {IGDA},
  title = 	 {Online Games White Paper},
  note =         {2003. Disponível em: <http://www.igda.org/online/online\_whitepaper.php>. Acesso em: jan. 2005},
  year = 	 {2003}
}

@Misc{kent2004,
  author =       {Kent, Steven L.},
  title = 	 {Making an MMOG for the Masses},
  note =         {2004. Disponível em: <http://www.gamespy.com/amdmmog/week3/>. Acesso em: jan. 2005},
  year = 	 {2004}
}

@Misc{knutsson2004,
  author = "Björn Knutsson and Honghui Lu and Wei Xu and Bryan Hopkins",
  title = "Peer-to-Peer Support for Massively Multiplayer Games",
  note = "2004. Disponível em: <citeseer.ist.psu.edu/knutsson04peertopeer.html>. Acesso em: jan. 2005"
}
%  author =       {Knutsson, B. and Lu, H. and Xu, W. and Hopkins, B.},
%  title = 	 {Peer-to-Peer Support for Massively Multiplayer Games},
%  note = {IEEE Infocom},
%  year = 	 {2004}
%}

@Inproceedings{cai2002,
   author = {Cai, W. and Xavier, P. and Turner, S. J. and Lee, B.},
   title = {A Scalable Architecture for Supporting Interactive Games on the Internet},
   booktitle = {Proceedings of the 16th Workshop on Parallel and Distributed Simulation, PADS},
   year = {2002},
   publisher = {[S.l.]: IEEE Press}
}

@Article{setiathome,
  author = {Anderson, D. P. and Cobb, J. and Korpela, E. and Lebofsky, M. and Werthimer, D.},
  title = {Seti@home: An experiment in public-resource computing.},
  journal = {Communications of the ACM},
  volume = {45},
  number = {11},
  pages = {56--61},
  month = {Nov.},
  year = {2002},
  address = {New York}
}

@Article{freenet,
author = {Clarke, I.},
title = {Protecting Free Expression Online with Freenet},
journal = {IEEE Internet Computing},
year = {2002},
publisher = {IEEE Press},
address = {Los Alamitos}
}

@Misc{bittorrent,
author = {Cohen, Bram},
title = {Incentives Build Robustness in BitTorrent},
note = {2003. Disponível em: <http://bittorrent.com/bittorrentecon.pdf>. Acesso em: jan. 2005},
year = {2003},
}

@inproceedings{pellegrino2003,
 author = {Joseph D. Pellegrino and Constantinos Dovrolis},
 title = {Bandwidth requirement and state consistency in three multiplayer game architectures},
 booktitle = {Proceedings of the 2nd workshop on Network and system support for games},
 year = {2003},
 isbn = {1-58113-734-6},
 pages = {52--59},
 publisher = {New York: ACM Press},
}


@Book{alexander2002,
author = {Alexander, T.},
title = {Massively Multiplayer Game Development},
publisher = {Charles Rivers},
year = {2003}
}

@Misc{simpson1999,
author = {Simpson, J. B.},
title = {The in-game economics of Ultima Online},
howpublished = {Computer Game Developer's Conference, San Jose, CA},
url = {http://www.mine-control.com/zack/uoecon/uoecon.html},
year = {1999}
}

@Misc{digra2003,
author = {DIGRA},
title = {Digital Games Research Association},
url = {http://www.digra.org/},
year = {2003}
}

@Misc{jogd2003,
author = {JOGD},
title = {Journal of Game Development},
url = {http://www.jogd.com/},
year = {2003}
}

@Misc{gdc2003,
author = {GDC},
title = {Game Developer's Conference},
url = {http://www.gdconf.com/},
year = {2003}
}


%@Misc{dsrt2002,
%author = {DS-RT'02},
%title = {6th IEEE International Workshop on Distributed Interactive Simulation and Real-Time Applications},
%url = {http://www.computer.org/cspress/CATALOG/pr01853.htm},
%year = {2002}
%}


@Misc{meridian59,
author = {Near Death Studios},
title = {Meridian59},
url = {http://www.meridian59.com/},
year = {2003}
}

@Inproceedings{solipsis,
author = {Keller, J. and Simon, G.},
title = {Toward a Peer-to-peer Shared Virtual Reality},
booktitle = {International Conference on Distributed Computing Systems Workshops, ICDCSW, 22.},
year = {2002},
type = {Proceedings}
}

@Inproceedings{griwodz2002,
author = {Griwodz, C.},
title = {State Replication for Multiplayer Games},
booktitle = {Proceedings of the first workshop on Network and system support for games},
year = {2002},
publisher = {ACM Press}
}

@Inproceedings{cronin2002,
author = {Cronin, E. and Filstrup, B. and Kurc, A. R. and Jamin, S.},
title = {An Efficient Synchronization Mechanism for Mirrored Game Architectures},
booktitle = {Proceedings of the first workshop on Network and system support for games},
year = {2002},
publisher = {New York: ACM Press}
}

@Misc{cecin2003ti,
author = {Cecin, F. R.},
title = {Massively Multiplayer Games: Alternativas para Projeto e Implementação},
note = {2003. Trabalho Individual (Mestrado em Ciência da Computação) --- Instituto de Informática, UFRGS, Porto Alegre. Disponível em: <http://www.inf.ufrgs.br/\~{}fcecin/freemmg/>},
year = {2003}
}

@Article{cecin2003wsgppd,
author = {Cecin, F. R. and Barbosa, J. L. V. and Geyer, C. F. R.},
title = {FreeMMG: Uma Proposta Baseada em Peer-to-Peer para Simulação Interativa Competitiva em Tempo Real e Distribuída em Grande Escala},
journal = {Cadernos de Informática},
volume = {3},
year = {2003},
address = {Porto Alegre}
}

%  author = {D. Schoder and K. FischBach},
%  title = {Peer-to-Peer Prospects},
%  journal = {Communications of the ACM},  
%  volume = {46},
%  issue = {2},
%  month = {Feb},
%  year = {2003},
%  pages = {27-29}


%october2004
@Inproceedings{cecin2004dsrt,
 author = {Cecin, F. R. and Real, R. and Martins, M. G. and Jannone, R. O. and Barbosa, J. L. V. and Geyer, C. F. R.},
 title = {FreeMMG: A Scalable and Cheat-Resistant Distribution Model for Internet Games},
 booktitle = {Proceedings of the 8th IEEE International Symposium on Distributed Simulation and Real Time Applications, DS-RT},
 year = {2004}
}

%august
@Inproceedings{cecin2004netgames,
 author = {Cecin, F. R. and Martins, M. G. and Jannone, R. O. and Barbosa, J. L. V. and Geyer, C. F. R.},
 title = {FreeMMG: A Hybrid Peer-to-Peer and Client-Server Model for Massively Multiplayer Games},
 booktitle = {3rd Workshop on Network and System Support for Games, NetGames},
 note = {Abstract},
 year = {2004},
 type = {Proceedings}
}

%january
@Inproceedings{cecin2004erad,
 author = {Cecin, F. R. and Geyer, C. F. R.},
 title = "FreeMMG: Um Modelo Peer-to-Peer Distribuído de Suporte para Jogos Massively Multiplayer",
 booktitle = "Escola Regional de Alto Desempenho, ERAD, 4.",
 year = "2004",
 address = "Pelotas",
 publisher = "Pelotas: SBC"
}

@Misc{cronin2001,
author = "Cronin, E. and Filstrup, B. and Kurc, A. R.",
title = "A Distributed Multiplayer Game Server System",
note = "2001. Disponível em: <http://warriors.eecs.umich.edu/games/papers/quakefinal.pdf>. Acesso em: jan. 2005",
year = "2001"
}

@Misc{lineage,
author = {NCSoft},
title = {Lineage},
note = {2003. Disponível em: <http://www.lineage.com/>. Acesso em: jan. 2005},
year = {2003}
}


@Misc{mcmillan2002,
author = {McMillan, R.},
title = {Getting into the Grid},
note = {Linux Magazine},
url = {http://www.linux-mag.com/2002-10/grid_01.html},
year = {2002}
}

% TI
@Misc{morse1996, 
author = {Morse, K. L.},
title = {Interest Management in Large-Scale Distributed Simulations},
note = {[S.l.: s.n.], 1996. (Technical Report ICS-TR-96-27)},
year = {1996}
}

% TI ; 18 a 20 de Julho
@Inproceedings{tarr2002,
	author = {Tarr, R. W. and Jacobs, J. W.},
	title = {Distributed Interactive Simulation},
	booktitle = {Summer Computer Simulation Conference. Orlando, Florida},
	year = {2002},
	type = {Proceedings}
}

@Misc{eixodomal,
note = {EIXO do mal. 2004. Disponível em: <http://www.eixodomal.com.br/>. Acesso em: jan. 2005},
year = {2004}
}

@Misc{riseofnations,
author = "{BIG~HUGE~GAMES}", 
title = {Rise of Nations},
note = {Disponível em: <http://www.microsoft.com/games/riseofnations/>. Acesso em: jan. 2005},
year = {2004}
}

@inproceedings{ mimaze,
    author = "Laurent Gautier and Christophe Diot",
    title = "Design and Evaluation of MiMaze, a Multi-Player Game on the Internet",
    booktitle = "International Conference on Multimedia Computing and Systems",
    pages = "233-236",
    year = "1998",
    url = "citeseer.ist.psu.edu/gautier98design.html",
    type = {Proceedings}
     }



@Misc{marcio,
author = {Márcio Garcia Martins},
title = {Empregando Estratégias Context-Aware em jogos na Pervasive Computing: um estudo de caso sobre o FreeMMG},
note = {2004. Trabalho de Conclusão (Bacharelado em Ciência da Computação) --- UCPel, Pelotas},
year = {2004}
}




@Misc{enoch,
author = {Enoch dos Santos Martins},
title = {Identificação de um jogador malicioso para o FreeMMG},
note = {2004. Trabalho de Conclusão (Bacharelado em Ciência da Computação) --- Instituto de Informática, UFRGS, Porto Alegre},
year = {2004}
}
@Misc{rolf,
author = {Rolf Jesse Furstenau},
title = {Um Cliente Móvel Para Monitoramento da Simulação Distribuída FreeMMG},
note = {2004. Trabalho de Conclusão (Bacharelado em Ciência da Computação) --- Instituto de Informática, UFRGS, Porto Alegre},
year = {2004}
}
@Misc{leandro,
author = {Leandro S. Immich},
title = {Suporte a jogos multi-jogador, de ação, peer-to-peer, em dispositivos móveis, com um protótipo para J2ME},
note = {2004. Trabalho de Conclusão (Bacharelado em Ciência da Computação) --- Instituto de Informática, UFRGS, Porto Alegre},
year = {2004}
}
@Misc{luiscarvalho,
author = {Luis Alberto de Carvalho},
title = {Estudo de técnicas otimistas de sincronização para uso na plataforma para jogos distribuídos FreeMMG},
note = {2004. Trabalho de Conclusão de Mestrado (Especialização Redesis) --- Instituto de Informática, UFRGS, Porto Alegre},
year = {2004}
}


@Misc{freemmgmultiserver,
author = {André Schreiner Mendes},
title = {FreeMMG Distributed Servers},
note = {2004. Trabalho final da disciplina INF01008 --- Instituto de Informática, UFRGS, Porto Alegre},
year = {2004}
}

@Misc{josiane,
author = {Josiane Ortolan Coelho},
title = {Adição de funcionalidade ao FreeMMG Wizards},
note = {2004. Trabalho final da disciplina INF01008 --- Instituto de Informática, UFRGS, Porto Alegre},
year = {2004}
}

%-----------------------------------------------------

@Misc{igdapsw,
author = {IGDA},
title = {Persistent World Games White Paper},
note = {2004. Disponível em: <http://www.igda.org/online/IGDA\_PSW\_Whitepaper\_2004.pdf>. Acesso em: jan. 2005},
year = {2004}
}

%672p.
@Book{couloris,
  author = {Coulouris, G.},
  title = {Distributed Systems: Concepts and Design},
  publisher = {Addison-Wesley},
  year = {2000}
}

@Misc{outgun,
  author =       {Cecin, F. and Ritari, N. and Rivinoja, J. and PIMIÄ, V.},
  title = 	 {Outgun},
  note = 	 {2004. Disponível em: <http://outgun.sourceforge.net/>},
  year = 	 {2004}
}

@misc{ morse99multicast,
  author = "K. Morse and L. Bic and M. Dillencourt and K. Tsai",
  title = "Multicast grouping for dynamic data distribution management",
  text = "Morse, K. L., Bic, L., Dillencourt, M. & Tsai, K. (1999), Multicast grouping
    for dynamic data distribution management, in `Proceedings of the 31st Society
    for Computer Simulation Conference (SCSC '99)'.",
  year = "1999",
  note = "1999. Disponível em: <citeseer.ist.psu.edu/morse99multicast.html>. Acesso em: jan. 2005" }

@misc{ bass97traffic,
  author = "T. Bass",
  title = "Traffic congestion measurements in transit IP networks",
  text = "T. Bass, Traffic congestion measurements in transit IP networks, Technical
    Report TR 97-101, Internet Systems and Services, Jan. 1997.",
  year = "1997",
note = "1997. Disponível em: <citeseer.ist.psu.edu/bass97traffic.html>. Acesso em: jan. 2005.",
}

@misc{rtp,
author= {H. Schulzrinne and S. Casner and R. Frederick and V. Jacobson}, 
title = "RTP: A Transport Protocol for Real-Time Applications: {RFC1889}",
note = {[S.l.]: IETF, 1996}, 
year = {1996}
}

@Inproceedings{mcgregor2003, 
  author = {D. McGregor and A. Kapolka and M. Zyda and D. Brutzman},
  title = {Requirements for Large-Scale Networked Virtual Environments},
  booktitle = {International Conference on Telecommunications},
  year = {2003},
  type = {Proceedings}
}

@Article{schoder2003, 
  author = {D. Schoder and K. FischBach},
  title = {Peer-to-Peer Prospects},
  journal = {Communications of the ACM},  
  volume = {46},
  issue = {2},
  month = {Feb.},
  year = {2003},
  pages = {27-29},
  address = {New York}
}

@Article{kubiatowics2003,
  author = {J. Kubiatowics},
  title = {Extracting Guarantees from Chaos},
  journal = {Communications of the ACM},  
  volume = {46},
  issue = {2},
  year = {2003},
  pages = {33-38},
  address = {New York}
}

  % day = {22},
@Article{ianfoster,
  author = {I. Foster},
  title = {What is the Grid? A Three Point Checklist}, 
  journal = {GRID today},  
  volume = {1},
  issue = {6},
  month = {July 22},
  year = {2002},
  note = {Disponível em: <http://www.gridtoday.com/02/0722/100136.html>. Acesso em: jan. 2005}
}

@Article{lamport,
  author = {L. Lamport},
  title = {Time, clocks, and the ordering of events in a distributed system},
  journal = {Communications of the ACM},  
  volume = {21},
  issue = {7},
  month = {July },
  year = {1978},
  pages = {558-565},
  address = {New York}
}

@Misc{real2004,
  author =       {Rodrigo Real},
  title = 	 {TiPS, uma proposta de escalonamento direcionada à computação pervasiva. 2004},
  note = 	 {Dissertação (Mestrado em Ciência da Computação) --- Instituto de Informática, Universidade Federal do Rio Grande do Sul, Porto Alegre},
  year = 	 {2004}
}

@article{ almeroth00evolution,
  author = "K. Almeroth",
  title = "The evolution of multicast: From the {MBone} to inter-domain multicast to {Internet2} deployment",
  journal = "IEEE Network",
  year = "2000",
  month = jan # "/" # feb,
  volume = "14",
  pages = "10-20",
  note = "Disponível em: <citeseer.ist.psu.edu/almeroth00evolution.html>. Acesso em: jan. 2005.",
  address = {New York}
}

  
@misc{ handley97examination,
  author = "M. Handley",
  title = "An examination of mbone performance",
  text = "M. Handley, An examination of mbone performance, tech. rep., USC/ISI, 1997.
    Research Report RR-97-450.",
  year = "1997",
  note = "1997. Disponível em: <citeseer.ist.psu.edu/handley97examination.html>. Acesso em: jan. 2005" }  

@misc{ almeroth97multicast,
  author = "K. Almeroth and M. Ammar",
  title = "Multicast group behavior in the internet's multicast backbone (mbone)",
  text = "K. Almeroth and M. Ammar, Multicast group behavior in the internet's multicast
    backbone (mbone), IEEE Communications Magazine, vol. 35, June 1997.",
  year = {1997},
  note = "1997. Disponível em: <citeseer.ist.psu.edu/almeroth97multicast.html>. Acesso em: jan. 2005." 
}
  
@Inproceedings {roberts2004,
  author = {David Roberts and Robin Wolff},
  title = {Controlling Consistency within Collaborative Virtual Environments},
  booktitle = {IEEE International Symposium on Distributed Simulation and Real-Time Applications},
    address = {Budapeste, Hungria},
  month = {outubro},
  year = {2004},
  pages = {46--52},
  type = {Proceedings}
}

@Inproceedings{vanhook1994,
  author = "Daniel J. {VAN HOOK} and James O. Calvin",
  title = {Approaches to Relevance Filtering},
  booktitle = {Proceedings of the 11th DIS Workshop},
  year = {1994},
  pages = {367-369}
}

@Inproceedings{karlsson2004,
  author = "Börje Felipe Fernandes Karlsson and Bruno {FEIJÓ}",
  title = "An Overview on Security in Networked Computer Games",
  booktitle = "Workshop Brasileiro de Jogos e Entretenimento Digital, WJogos/SBGames, 3.",
  year = {2004}
}

@Book{singhal99,
  author = {S. Singhal and M. Zyda},
  title = {Networked Virtual Environments: Design and Implementation},
  publisher = {Addison Wesley},
  year = {1999}
} 

@article{simnet,
  author = "D. Miller and J. Thorpe",
  title = "{SIMNET}: the advent of simulator networking", 
  journal = "Proceedings of IEEE",
  volume = "83",
  number = "8", 
  pages = "1114--1123", 
  month = "Aug.",
  address = "New York",
  year = "1995"
}

@Inproceedings{massive3,
  author = "Greenhalgh, C. and Purbrick, J. and Snowdon, D.",
  title = "Inside {MASSIVE-3}: Flexible Support for Data Consistency and World Structuring",
  booktitle = "ACM International Conference on Collaborative Virtual Environments, CVE, 3.",
  month = "September",
  year = "2000",
  address = "San Francisco, USA",
  pages = "119-127",
  publisher = "New York: ACM",
  type = {Proceedings}
}

@Phdthesis{parade,
  author =       {David J. Roberts},
  title = 	 {A Predictive Real Time Architecture for Distributed Virtual Reality},
  school = 	 {University of Reading, Reading},
  year = 	 {1996}
}

%  month = "",
@Inproceedings{dive,
  author = "C. Carlsson and O. Hagsand",
  title = "DIVE - a multi-user virtual reality system",
  booktitle = "IEEE Virtual Reality Annual Internaltion Symposium",
  year = "1993",
  address = "Los Alamitos, CA, USA",
  pages = "394--400",
  publisher = "[S.l.]: IEEE Computer Society Press",
  type = {Proceedings}
}

@article{ npsnet,
    author = "M. R. Macedonia and M. J. Zyda and D. R. Pratt and P. T. Barham and S. Zeswitz",
    title = "{NPSNET}: {A} Network Software Architecture for Large-Scale Virtual Environment",
    journal = "Presence",
    volume = "3",
    number = "4",
    pages = "265--287",
    year = "1994",
    url = "citeseer.ist.psu.edu/macedonia94npsnet.html" }

@Book{livrop2p,
  author = {Andy Oram},
  title = {Peer-to-Peer: harnessing the power of disruptive technologies},
  publisher = {O'Reilly and Associates},
  ISBN = {0-596-00110-X},
  year = {2001}
}

@inproceedings{cronin2003,
 author = {Eric Cronin and Burton Filstrup and and Sugih Jamin},
 title = {Cheat-Proofing Dead Reckoned Multiplayer Games},
 booktitle = {Proceedings of the International Conference on Application and Development of Computer Games, ADCOG},
 year = {2003},
 month = {January}
}    

%september
@Inproceedings{neo2004full,
  author = {Chris GauthierDickey and Daniel Zappala and Virginia Lo},
  title = {A Fully Distributed Architecture for Massively Multiplayer Online Games}, 
  booktitle = {Proceedings of the ACM SIGCOMM Workshop on Network and System Support for Games}, 
  url = "http://faculty.cs.byu.edu/\~{}zappala/research.html",
  note = {Abstract},
  year = {2004}
}

%june
@Inproceedings{neo2004lowlat,
  author = {Chris GauthierDickey and Daniel Zappala and Virginia Lo and James Marr},
  title = {Low Latency and Cheat-Proof Event Ordering for Peer-to-Peer Games}, 
  booktitle = {Proceedings of the 14th ACM International Workshop on Network and Operating System Support for Digital Audio and Video}, 
  url = "http://faculty.cs.byu.edu/\~{}zappala/research.html",
  year = {2004}
}

%------------------ mais refs dia 17+

@Misc{totalwar,
  author = "{TOTAL~WAR}",
  title = "Rome: Total War",
  note = "2004. Disponível em: <http://www.totalwar.com/>. Acesso em: jan. 2005",
  year = "2004"
}

@Misc{warcraft,
  author = "Blizzard",
  title = "Warcraft III",
  note = "Disponível em: <http://www.blizzard.com/war3/>. Acesso em: jan. 2005",
  year = "2004"
}

@Misc{starcraft,
  author = "Blizzard",
  title = "Starcraft",
  note = "Disponível em: <http://www.blizzard.com/starcraft/>. Acesso em: jan. 2005",
  year = "2004"
}

@Misc{apostilatf,
  author = "Taisy Silva Weber and Ingrid {JANSCH-PÔRTO} and Raul Fernando Weber",
  title = "Tolerância a falhas: Conceitos e técnicas; Aplicações; Arquitetura de sistemas confiáveis",
  note = "Notas de Aula da disciplina INF01209 do Instituto de Informática da UFRGS. 56p",
  year = "1996"
}

% -------------------- madrugadão do dia 18

% excelente definição de escalabilidade!!!
@article{ jogalekar00evaluating,
    author = "P. Jogalekar and M. Woodside",
    title = "Evaluating the Scalability of Distributed Systems",
    journal = "IEEE Transactions on Parallel and Distributed Systems",
    volume = "11",
    number = "6",
    pages = "589",
    year = "2000",
    address = "New York",
    note = "Disponível em: <citeseer.ist.psu.edu/jogalekar98evaluating.html>. Acesso em: jan. 2005" } 

@misc{ hrischuk96proper,
  author = "C. Hrischuk and C. Woodside",
  title = "Proper time: Causal and temporal relations of a distributed system",
  text = "C. E. Hrischuk and C. Woodside. Proper time: Causal and temporal relations
    of a distributed system. Technical Report SCE-96-04, Systems and Computer
    Engineering, Carleton University, Ottawa, Ontario, Canada, http://www.sce.carleton.ca/rads/rads.html,
    Mar. 1996. Submitted to IEEE Transactions on Parallel and Distributed Systems.",
  year = "1996",
  note = "1996. Disponível em: <citeseer.ist.psu.edu/article/hrischuk96proper.html>. Acesso em: jan. 2005" }

@inproceedings{ castro99practical,
    author = "Miguel Castro and Barbara Liskov",
    title = "Practical Byzantine Fault Tolerance",
    booktitle = "{OSDI}: Symposium on Operating Systems Design and Implementation",
    publisher = "USENIX Association, Co-sponsored by IEEE TCOS and ACM SIGOPS",
    year = "1999",
    note = "Disponível em: <citeseer.ist.psu.edu/article/castro99practical.html>. Acesso em: jan. 2005",
		type = {Proceedings}    
    } 
    
@Article{ lamportbizantino,

  author = "Leslie Lamport",
  title = "The weak Byzantine Generals problem",
  month = "July",
    journal = "Journal of the ACM",
    volume = "30",
    number = "3",
    pages = "668--676",
    year = "1983",
}

@Misc{zige,
  author =       {Fábio Cecin and Milan Mimica and Paulo Zaffari and Marcos Slomp and Rafael Jannone},
  title = 	 {ZIG Game Engine},
  note = 	 {2004. Disponível em: <http://zige.sourceforge.net/>},
  year = 	 {2004}
}

@inproceedings{ lin96rmtp,
    author = "John C. Lin and Sanjoy Paul",
    title = "{RMTP}: A Reliable Multicast Transport Protocol",
    booktitle = "{INFOCOM}",
    pages = "1414-1424",
    year = "1996",
    month = mar,
    address = "San Francisco, CA",
    note = "Disponível em: <citeseer.ist.psu.edu/lin96rmtp.html>. Acesso em: jan. 2005",
    type = {Proceedings}
    }


%
%   BibTeX entry for \cite{brp:1990b}
%
%   Copyright (c) 2002 by Bruno R. Preiss, P.Eng.
%
%   URL:http://www.brpreiss.com/papers/published/1990/eurmc/paper.bib
%
%

%
%   Copyright (c) 1999 by Bruno R. Preiss, P.Eng.
%
%   $Author: brpreiss $
%   $Date: 2001/12/09 19:22:40 $
%   $RCSfile: abbrev.bib,v $
%   $Revision: 1.22 $
%
%   $Id: abbrev.bib,v 1.22 2001/12/09 19:22:40 brpreiss Exp $
%

@string{ablex = "Ablex Publishing Corporation"}
@string{acm = "Association for Computing Machinery, Inc."}
@string{acmsurveys = "ACM Computing Surveys"}
@string{acmtomacs = "ACM Trans.\ on Modeling and Computer Simulation"}
@string{acmtoplas = "ACM Trans.\ on Programming Languages and Systems"}
@string{ass = " Ann.\ Simulation Symp."}
@string{brp = "Bruno R. Preiss"}
@string{cacm = "Communications of the ACM"}
@string{ccece = " Canadian Conf.\ on Elec.\ and Comp.\ Eng."}
@string{ccng = "Computer Communications Networks Group"}
@string{ccvlsi = " Canadian Conf.\ on VLSI"}
@string{cips = "Canadian Information Processing Society"}
@string{csece = "Canadian Society for Electrical and Computer Engineering"}
@string{ece = "Department of Electrical and Computer Engineering"}
@string{ee = "Department of Electrical Engineering"}
@string{eic = "Engineering Institute of Canada"}
@string{home = "http://www.brpreiss.com"}
@string{icpp = " Int.\ Conf.\ on Parallel Processing"}
@string{ieee = "Institute of Electrical and Electronics Engineers, Inc."}
@string{ieeecomp = "IEEE Computer"}
@string{ieeemicro = "IEEE Micro"}
@string{ieeetc = "IEEE Trans.\ on Computers"}
@string{ieeetcad = "IEEE Trans.\ on Computer-Aided Design"}
@string{ieeetpds = "IEEE Trans.\ on Parallel and Distributed Systems"}
@string{ieeetse = "IEEE Trans.\ on Software Engineering"}
@string{ijcs = "International Journal in Computer Simulation"}
@string{infocom = " INFOCOM"}
@string{isca = " Int.\ Symp.\ on Computer Architecture"}
@string{jpdc = "Journal of Parallel and Distributed Computing"}
@string{pads = " Workshop on Parallel and Distributed Simulation"}
@string{pennstate = "Pennsylvania State University"}
@string{proc = "Proc.\ "}
@string{sc = "Simulation Councils, Inc."}
@string{scs = "Society for Computer Simulation"}
@string{scsmcds = " SCS Multiconf. on Distributed Simulation"}
@string{tscs = "Trans.\ of the Society for Computer Simulation"}
@string{ut = "University of Toronto"}
@string{uw = "University of Waterloo"}
@string{wiley = "John Wiley \& Sons"}
@string{wsc = " Winter Simulation Conf."}

%
%   Copyright (c) 1999, 2000 by Bruno R. Preiss, P.Eng.
%
%   $Author: brpreiss $
%   $Date: 2002/04/26 23:43:50 $
%   $RCSfile: preiss.bib,v $
%   $Revision: 1.198 $
%
%   $Id: preiss.bib,v 1.198 2002/04/26 23:43:50 brpreiss Exp $
%  brp:1990b


@inproceedings{lookahead,
    url = home # "/papers/published/1990/eurmc/paper.pdf",
    bibtex = home # "/papers/published/1990/eurmc/paper.bib",
    talk = home # "/talks/1990/eurmc/slides.pdf",
    author = "Bruno Richard Preiss and Wayne Mervin Loucks",
    title = "The Impact of Lookahead on the Performance of Conservative
	Distributed Simulation",
    booktitle = " European Multiconference---Simulation
	Methodologies, Languages and Architectures",
    address = "Nuremberg, FRG",
    organization = scs,
    month = Jun,
    year = 1990,
    pages = "204--209",
    copyright = sc,
    type = {Proceedings},
    abstract =
    {
	It has long been recognized that the ability of a logical process (LP)
	to ``look ahead'' is crucial to the performance of distributed
	simulation using conservative synchronization.
	This paper examines previous definitions of lookahead and
	lookahead ratio---metrics for characterizing the lookahead ability
	of LPs.
	\par
	These metrics do not reflect the use of null messages.
	In order to assess the impact of null messages on the performance
	of the simulation,
	we introduce the concept of null message lookahead
	and null message inverse lookahead ratio (NILAR).
	In this paper, we also propose a consistent set of definitions for
	lookahead and inverse lookahead ratio (ILAR)
	for customer-neutral systems.
	\par
	The results discussed in this paper
	indicate that NILAR acts as a better predictor of
	simulation speedup than ILAR in the case of closed queueing
	networks with a large
	number of null messages.
	The results presented also indicate that
	conservatively synchronized distributed
	simulation implementations must have ILAR values close to one and
	NILAR values greater than one
	in order to achieve good speedup.
	However, ILAR values close to one and NILAR values greater than one
	do not necessarily result in good speedups.
	Other requirements are higher loads and limited fanout.
    }
}

%-------------- AINDA NAO USADOS do citeseer e outros ------------------------

  
% usar para CVE É COOPERATIVO!    
% Benford, S.; Bowers, J.; Fahlen, L. E.; Greenhalgh, C.; Mariani, J.; Rodden, T. (1995). Networked Virtual Reality and Cooperative Work. Presence: Teleoperators and Virtual Environments, Vol. 4, No. 4.

% nao usado, mas parece power
article{ macedonia97taxonomy,
    author = "Michael R. Macedonia and Michael J. Zyda",
    title = "A Taxonomy for Networked Virtual Environments",
    journal = "IEEE MultiMedia",
    volume = "4",
    number = "1",
    month = "--",
    pages = "48--56",
    year = "1997",
    url = "citeseer.ist.psu.edu/macedonia97taxonomy.html" }
    
%muito bom
%ATAXIA: UMA ARQUITETURA PARA A VIABILIZAÇÃO DE NVE?S VOLTADOS PARA A EDUCAÇÃO A DISTÂNCIA ATRAVÉS DA INTERNET 
%http://www.mec.gov.br/seed/paped/Projetos_txt/Antonio%20Jos%C3%A9%20Melo%20Leite%20Junior.doc