

%--------------------------------------------------------------

@article{cecin2004fsa,
  title={{FreeMMG: A Scalable and Cheat-Resistant Distribution Model for Internet Games}},
  author={Cecin, F.R. and Real, R. and de Oliveira Jannone, R. and Geyer, C.F.R. and Martins, M.G. and Barbosa, J.L.V.},
  journal={IEEE Int. Sym. on Distributed Simulation and Real-Time Applications},
  pages={83--90},
  year={2004}
}

%-------------------------------------------------------------


@Misc{broodwar, 
    author = "Blizzard",
    title = "Starcraft: Brood War",
    note = "http://www.blizzard.com/broodwar/",
    year = "1998"
}

%-------------------------------------------------------------

@Misc{counterstrike, 
    author = "Valve",
    title = "Counter-Strike",
    note = "http://www.counter-strike.net/",
    year = "2000"
}

%-------------------------------------------------------------

@Misc{warcraft3, 
    author = "Blizzard",
    title = "Warcraft III",
    note = "http://www.blizzard.com/war3/",
    year = "2002"
}

%-------------------------------------------------------------

@Misc{worldofwarcraft, 
    author = "Blizzard",
    title = "World of Warcraft",
    note = "http://www.worldofwarcraft.com/",
    year = "2004"
}

%--------------------------------------------------------------

@Misc{lineage2, 
    author = "NCsoft",
    title = "Lineage II",
    note = "http://www.lineage2.com/",
    year = "2003"
}

%---------------------------------------------------------------------------

@article{chen2006pch,
  title={{Peer clustering: a hybrid approach to distributed virtual environments}},
  author={Chen, A. and Muntz, R.R.},
  journal={Proceedings of 5th ACM SIGCOMM workshop on Network and system support for games},
  year={2006},
  publisher={ACM Press New York, NY, USA}
}

%---------------------------------------------------------------------------

@article{schiele2007rpp,
  title={{Requirements of Peer-to-Peer-based Massively Multiplayer Online Gaming}},
  author={Schiele, G. and Suselbeck, R. and Wacker, A. and Hahner, J. and Becker, C. and Weis, T.},
  journal={Proceedings of the Seventh IEEE International Symposium on Cluster Computing and the Grid},
  pages={773--782},
  year={2007},
  publisher={IEEE Computer Society Washington, DC, USA}
}

%--------------------------------------------------------------

@Misc{indigente, 
    author = "Indigente",
    title = "Interactive Digital Entertainment",
    note = "Grupo de pesquisa na área de jogos da UFBA, formado em abril de 2004. http://indigente.dcc.ufba.br/",
    year = "2004",
    
}

%--------------------------------------------------------------

@article{lamport1982bgp,
  title={{The Byzantine Generals Problem}},
  author={Lamport, L. and Shostak, R. and Pease, M.},
  journal={ACM Transactions on Programming Languages and Systems (TOPLAS)},
  volume={4},
  number={3},
  pages={382--401},
  year={1982},
  publisher={ACM Press New York, NY, USA}
}

%--------------------------------------------------------------

@article{elrhalibi2005abm,
  title={{Agents-based modeling for a peer-to-peer MMOG architecture}},
  author={El Rhalibi, A. and Merabti, M.},
  journal={Computers in Entertainment (CIE)},
  volume={3},
  number={2},
  pages={3--3},
  year={2005},
  publisher={ACM Press New York, NY, USA}
}

%---------------------------------------------------------------------------

@article{iimura2004zfg,
  title={{Zoned federation of game servers: a peer-to-peer approach to scalable multi-player online games}},
  author={Iimura, T. and Hazeyama, H. and Kadobayashi, Y.},
  journal={Proceedings of ACM SIGCOMM 2004 workshops on NetGames' 04: Network and system support for games},
  pages={116--120},
  year={2004},
  publisher={ACM Press New York, NY, USA}
}

%---------------------------------------------------------------------------

@article{lee2003sdl,
  title={{A scalable dynamic load distribution scheme for multi-server distributed virtual environment systems with highly-skewed user distribution}},
  author={Lee, K. and Lee, D.},
  journal={Proceedings of the ACM symposium on Virtual reality software and technology},
  pages={160--168},
  year={2003},
  publisher={ACM Press New York, NY, USA}
}

%---------------------------------------------------------------------------

@article{ng2002msa,
  title={{A multi-server architecture for distributed virtual walkthrough}},
  author={Ng, B. and Si, A. and Lau, R.W.H. and Li, F.W.B.},
  journal={Proceedings of the ACM symposium on Virtual reality software and technology},
  pages={163--170},
  year={2002},
  publisher={ACM Press New York, NY, USA}
}

%---------------------------------------------------------------------------

@article{assiotis2006dam,
  title={{A distributed architecture for MMORPG}},
  author={Assiotis, M. and Tzanov, V.},
  journal={Proceedings of 5th ACM SIGCOMM workshop on Network and system support for games},
  year={2006},
  publisher={ACM Press New York, NY, USA}
}
