@article{ahmed2008dai,
  title={{A Dynamic Area of Interest Management and Collaboration Model for P2P MMOGs}},
  author={Dewan Tanvir Ahmed and Shervin Shirmohammadi},
  journal={Proceedings of the 12th IEEE International Symposium on Distributed Simulation and Real Time Applications, 2008, Vancouver, BC, Canada},
  pages={27--34},
  year={2008}
}

%-------------------------------------------------------------

@article{assiotis2006dam,
  title={{A distributed architecture for MMORPG}},
  author={Assiotis, M. and Tzanov, V.},
  journal={Proceedings of 5th ACM SIGCOMM workshop on Network and system support for games},
  year={2006},
  publisher={ACM Press New York, NY, USA}
}

%-------------------------------------------------------------

@article{bezerra2008a3,
  title={{A3: a novel interest management algorithm for distributed simulations of MMOGs}},
  author={Bezerra, Carlos Eduardo B. and Cecin, Fábio R. and Geyer, Cláudio F. R.},
  journal={Proceedings of the 12th IEEE International Symposium on Distributed Simulation and Real Time Applications, 2008, Vancouver, BC, Canada},
  pages={35--42},
  year={2008}
}

%-------------------------------------------------------------

@article{bezerra2009fgl,
  title={{A fine granularity load balancing technique for MMOG servers using a kd-tree to partition the space}},
  author={Bezerra, Carlos Eduardo B. and Comba, João L. D. and Geyer, Cláudio F. R.},
  journal={VIII Brazilian Symposium on Computer Games and Digital Entertainment - Computing Track, 2009, Rio de Janeiro, RJ, Brazil},
  year={2009}
}

%-------------------------------------------------------------

@article{chen2006pch,
  title={{Peer clustering: a hybrid approach to distributed virtual environments}},
  author={Chen, A. and Muntz, R.R.},
  journal={Proceedings of 5th ACM SIGCOMM workshop on Network and system support for games},
  year={2006},
  publisher={ACM Press New York, NY, USA}
}

%-------------------------------------------------------------

@article{chertov2006olb,
  title={{Optimistic Load Balancing in a Distributed Virtual Environment}},
  author={Chertov, R. and Fahmy, S.},
  journal={Proceedings of the 16th ACM International Workshop on Network and Operating Systems Support for Digital Audio and Video (NOSSDAV)},
  year={2006}
}

%-------------------------------------------------------------

@article{devleeschauwer2005dma,
  title={{Dynamic microcell assignment for massively multiplayer online gaming}},
  author={De Vleeschauwer, B. and Van Den Bossche, B. and Verdickt, T. and De Turck, F. and Dhoedt, B. and Demeester, P.},
  journal={Proceedings of 4th ACM SIGCOMM workshop on Network and system support for games},
  pages={1--7},
  year={2005},
  publisher={ACM Press New York, NY, USA}
}

%-------------------------------------------------------------

@article{elrhalibi2005abm,
  title={{Agents-based modeling for a peer-to-peer MMOG architecture}},
  author={El Rhalibi, A. and Merabti, M.},
  journal={Computers in Entertainment (CIE)},
  volume={3},
  number={2},
  pages={3--3},
  year={2005},
  publisher={ACM Press New York, NY, USA}
}

%-------------------------------------------------------------

@Misc{eveonline, 
    author = "CCP",
    title = "{EVE} Online",
    note = "http://www.eve-online.com/",
    year = "2003"
}

%-------------------------------------------------------------

@article{feng2007wnn,
  title={{What's Next for Networked Games?}},
  author={~{Wu-chang} Feng},
  journal={Sixth annual Workshop on Network and Systems Support for Games (NetGames)},
  year={2007}
}

%-------------------------------------------------------------

@article{hampel2006ppa,
  title={{A peer-to-peer architecture for massive multiplayer online games}},
  author={Hampel, T. and Bopp, T. and Hinn, R.},
  journal={Proceedings of 5th ACM SIGCOMM workshop on Network and system support for games},
  year={2006},
  publisher={ACM Press New York, NY, USA}
}

%-------------------------------------------------------------

@article{iimura2004zfg,
  title={{Zoned federation of game servers: a peer-to-peer approach to scalable multi-player online games}},
  author={Iimura, T. and Hazeyama, H. and Kado\-bayashi, Y.},
  journal={Proceedings of ACM SIGCOMM 2004 workshops on NetGames' 04: Network and system support for games},
  pages={116--120},
  year={2004},
  publisher={ACM Press New York, NY, USA}
}

%-------------------------------------------------------------

@article{knutsson2004pps,
  title={{Peer-to-peer support for massively multiplayer games}},
  author={Knutsson, B. and Lu, H. and Xu, W. and Hopkins, B.},
  journal={IEEE Infocom},
  year={2004}
}

%-------------------------------------------------------------

@article{lamport1978ird,
  title={The implementation of reliable distributed multiprocess systems* 1},
  author={Lamport, L.},
  journal={Computer Networks (1976)},
  volume={2},
  number={2},
  pages={95--114},
  year={1978},
  publisher={Elsevier}
}

%-------------------------------------------------------------

@article{lampson1996hbh,
  title={How to build a highly available system using consensus},
  author={Lampson, B.},
  journal={Distributed Algorithms},
  pages={1--17},
  year={1996},
  publisher={Springer}
}

%-------------------------------------------------------------

@article{lee2003sdl,
  title={{A scalable dynamic load distribution scheme for multi-server distributed virtual environment systems with highly-skewed user distribution}},
  author={Lee, K. and Lee, D.},
  journal={Proceedings of the ACM symposium on Virtual reality software and technology},
  pages={160--168},
  year={2003},
  publisher={ACM Press New York, NY, USA}
}

%-------------------------------------------------------------

@Misc{lineage2, 
    author = "NCsoft",
    title = "Lineage {II}",
    note = "http://www.lineage2.com/",
    year = "2003"
}

%-------------------------------------------------------------

@article{minson2005aim,
  title={{An adaptive interest management scheme for distributed virtual environments}},
  author={Minson, R. and Theodoropoulos, G.},
  journal={Proc. of PADS '05},
  pages={273--281},
  year={2005}
}

%-------------------------------------------------------------

@article{morgan2005imm,
  title={{Interest management middleware for networked games}},
  author={Morgan, G. and Lu, F. and Storey, K.},
  journal={Proc. of SIGGRAPH 2005},
  volume={3},
  number={06},
  pages={57--64},
  year={2005}
}

%-------------------------------------------------------------

@article{ng2002msa,
  title={{A multi-server architecture for distributed virtual walkthrough}},
  author={Ng, B. and Si, A. and Lau, R.W.H. and Li, F.W.B.},
  journal={Proceedings of the ACM symposium on Virtual reality software and technology},
  pages={163--170},
  year={2002},
  publisher={ACM Press New York, NY, USA}
}

%-------------------------------------------------------------

@article{rieche2007ppb,
  title={{Peer-to-Peer-based Infrastructure Support for Massively Multiplayer Online Games}},
  author={Rieche, S. and Fouquet, M. and Niedermayer, H. and Petrak, L. and Wehrle, K. and Carle, G.},
  journal={Consumer Communications and Networking Conference, 2007. CCNC 2007. 2007 4th IEEE},
  pages={763--767},
  year={2007}
}

%-------------------------------------------------------------

@article{schiele2007rpp,
  title={{Requirements of Peer-to-Peer-based Massively Multiplayer Online Gaming}},
  author={Schiele, G. and Suselbeck, R. and Wacker, A. and Hahner, J. and Becker, C. and Weis, T.},
  journal={Proceedings of the Seventh IEEE International Symposium on Cluster Computing and the Grid},
  pages={773--782},
  year={2007},
  publisher={IEEE Computer Society Washington, DC, USA}
}

%-------------------------------------------------------------

@article{schiper2008ica,
  title={On the inherent cost of atomic broadcast and multicast in wide area networks},
  author={Schiper, N. and Pedone, F.},
  journal={Distributed Computing and Networking},
  pages={147--157},
  year={2008},
  publisher={Springer}
}

%-------------------------------------------------------------

@inproceedings{schiper2009gng,
  title={Genuine versus non-genuine atomic multicast protocols for wide area networks: An empirical study},
  author={Schiper, N. and Sutra, P. and Pedone, F.},
  booktitle={Reliable Distributed Systems, 2009. SRDS'09. 28th IEEE International Symposium on},
  pages={166--175},
  year={2009},
  organization={IEEE}
}

%-------------------------------------------------------------

@article{schneider1990ift,
  title={Implementing fault-tolerant services using the state machine approach: A tutorial},
  author={Schneider, F.B.},
  journal={ACM Computing Surveys (CSUR)},
  volume={22},
  number={4},
  pages={299--319},
  year={1990},
  publisher={ACM}
}

%-------------------------------------------------------------
        
@Misc{worldofwarcraft, 
    author = "Blizzard",
    title = "{W}orld of {W}arcraft",
    note = "http://www.worldofwarcraft.com/",
    year = "2004"
}