@Book{knuth:84,
  author = 	 {Donald E. Knuth},
  title = 	 {The {\TeX} Book},
  publisher = 	 {Addison-Wesley},
  year = 	 {1984},
  edition = 	 {15th}
}

@InCollection{boulic:91,
  author = 	 {R. Boulic and O. Renault},
  title = 	 {3D Hierarchies for Animation},
  booktitle = 	 {New Trends in Animation and Visualization},
  publisher =    {John Wiley {\&} Sons ltd.},
  year = 	 {1991},
  editor = 	 {Nadia Magnenat-Thalmann and Daniel Thalmann}
}

@InCollection{smith:99,
  author = 	 {A. Smith and B. Jones},
  title = 	 {On the Complexity of Computing},
  booktitle = 	 {Advances in Computer Science},
  pages = 	 {555--566},
  publisher =    {Publishing Press},
  year = 	 {1999},
  editor = 	 {A. B. Smith-Jones}
}

@Misc{worldofwarcraft,
  author = "Blizzard",
  title = "World of Warcraft",  
  note = "http://www.worldofwarcraft.com/",
  year = "2004"
}

@article{cecin2004fsa, title={{FreeMMG: A Scalable and Cheat-Resistant Distribution Model for Internet Games}}, author={Cecin, F.R. and Real, R. and de Oliveira Jannone, R. and Geyer, C.F.R. and Martins, M.G. and Barbosa, J.L.V.}, journal={IEEE Int. Sym. on Distributed Simulation and Real-Time Applications}, pages={83--90}, year={2004} }

@Misc{lineage2, author = "NCsoft", title = "Lineage II", note = "http://www.lineage2.com/", year = "2003" }

@Misc{guildwars, author = "ArenaNet", title = "Guild Wars", note = "http://www.guildwars.com/", year = "2005" }

@article{schiele2007rpp,
  title={{Requirements of Peer-to-Peer-based Massively Multiplayer Online Gaming}},
  author={Schiele, G. and Suselbeck, R. and Wacker, A. and Hahner, J. and Becker, C. and Weis, T.},
  journal={Proceedings of the Seventh IEEE International Symposium on Cluster Computing and the Grid},
  pages={773--782},
  year={2007},
  publisher={IEEE Computer Society Washington, DC, USA}
}