@Book{knuth:84,
  author = 	 {Donald E. Knuth},
  title = 	 {The {\TeX} Book},
  publisher = 	 {Addison-Wesley},
  year = 	 {1984},
  edition = 	 {15th}
}

@InCollection{boulic:91,
  author = 	 {R. Boulic and O. Renault},
  title = 	 {3D Hierarchies for Animation},
  booktitle = 	 {New Trends in Animation and Visualization},
  publisher =    {John Wiley {\&} Sons ltd.},
  year = 	 {1991},
  editor = 	 {Nadia Magnenat-Thalmann and Daniel Thalmann}
}

@InCollection{smith:99,
  author = 	 {A. Smith and B. Jones},
  title = 	 {On the Complexity of Computing},
  booktitle = 	 {Advances in Computer Science},
  pages = 	 {555--566},
  publisher =    {Publishing Press},
  year = 	 {1999},
  editor = 	 {A. B. Smith-Jones}
}

@InCollection{rlteam2008,
  author = 	 {Stephen Lee-Urban and Megan Smith and Héctor Muñoz-Avila},
  title = 	 {Learning Winning Policies in Team-Based First-Person Shooter Games},
  booktitle = 	 {AI Game Programming Wisdom 4},
  publisher =    {Charles River Media.},
  year = 	 {2008},
  editor = 	 {Steve Rabin}
}

@inproceedings{htnteam2005,
      author =   {H. Hoang and Stephen Lee-Urban and Héctor Muñoz-Avila},
      title =    {Hierarchical Plan Representations for Encoding Stategic Game AI},
      booktitle =    {Proceeding of Artificial Intelligence and Interactive Digital Entertainment Conference},
      year =     2005,
}


@Mastersthesis{santos2004,
	author={Gilliard Lopes dos Santos},
	title={Máquinas de Estados Hierárquicas em Jogos Eletrônicos},
	school={Pontifícia Universidade Católica do Rio de Janeiro},
        address={Rio de Janeiro},
	year={2004}
}

@Mastersthesis{waveren2001,
	author={J. M. P. van Waveren},
	title={The Quake III Arena Bot},
	school={Delft University of Technology},
        address={Delft, Netherlands},
	year={2001}
}

@inproceedings{monteiro2005,
      author =   "Ivan Medeiros Monteiro",
      title =    "Uma Arquitetura Modular para o Desenvolvimento de Agentes Cognitivos em Jogos de Primeira e Terceira Pessoa",
      booktitle =    "Anais do IV Workshop Brasileiro de Jogos e Entretenimento Digital",
      pages   =      {219--229},
      year =     2005,
      isbn = {857669053-5}
}

@inproceedings{tozour2002,
      author =   "Paul Tozour",
      title =    "First-Person Shooter AI Architecture",
      journal =      "AI Game Programming Wisdom",
      booktitle =    "AI Game Programming Wisdom",
      pages   =      {387--396},
      year =     2002,
      isbn = {1584500778},
      publisher = {Charles River Media}
}

@inproceedings{tozour2004,
      author =   "Paul Tozour",
      title =    "Search Space Representations",
      journal =      "AI Game Programming Wisdom 2",
      booktitle =    "AI Game Programming Wisdom 2",
      pages     = {85-102},
      year =     2004,
      isbn = {1-58450-289-4},
      publisher = {Charles River Media}
}

@inproceedings{brien2002,
      author =   "John O'Brien",
      title =    "A Flexible Goal-Based Planning Architecture",
      journal =      "AI Game Programming Wisdom",
      booktitle =    "AI Game Programming Wisdom",
      pages   =      {375--383},
      year =     2002,
      isbn = {1584500778},
      publisher = {Charles River Media}
}

@inproceedings{sloman1996,
      author =   "Aaron Sloman",
      title =    "What sort of architecture is required for human-like agent",
      journal =      "Proceedings of AAAI-96",
      booktitle =    "Proceedings of AAAI-96",
      year =     1996
}

@inproceedings{bittencourt1997,
      author =   "Guilherme Bittencourt",
      title =    "In the Quest of the Missing Link",
      journal =      "Proceedings of IJICAI",
      booktitle =    "Proceedings of IJICAI",
      pages =    {310-315},
      year =     1997
}


@inproceedings{johnson2004,
      author =   "Geraint Johnson",
      title =    "Avoiding Dynamic Obstacles and Hazards",
      journal =      "AI Game Programming Wisdom 2",
      booktitle =    "AI Game Programming Wisdom 2",
      pages     = {161-170},
      year =     2004,
      isbn = {1-58450-289-4},
      publisher = {Charles River Media}
}

@inproceedings{rosado2004,
      author =   "Gilberto Rosado",
      title =    "Implementing a Data-Driven Finite-State Machine",
      journal =      "AI Game Programming Wisdom 2",
      booktitle =    "AI Game Programming Wisdom 2",
      pages     = {307-317},
      year =     2004,
      isbn = {1-58450-289-4},
      publisher = {Charles River Media}
}


@inproceedings{yiskis2004,
      author =   "Eric Yiskis",
      title =    "A Subsumption Architecture for Character-Based Games",
      journal =      "AI Game Programming Wisdom 2",
      booktitle =    "AI Game Programming Wisdom 2",
      pages     = {329-337},
      year =     2004,
      isbn = {1-58450-289-4},
      publisher = {Charles River Media}
}

@inproceedings{minsky1975,
      author =   "M. Minsky",
      title =    "A Framework for Representing Knowledge",
      journal =      "The Psychology of Computer Vision",
      booktitle =    "The Psychology of Computer Vision",
      year =     1975,
      publisher = {McGraw-Hill}
}







@article{ferber1991,
    author    = {J. Ferber and L. Gasser},
    title     = {Intelligence artificielle distribuée.},
    journal   = {International Workshop on Expert Systems and their Applications.},
    volume    = {10},
    number    = {9},
    year      = {1991}
}

@article{grunvogel2003,
    author    = {Stefan M. Grünvogel},
    title     = {Dynamic Character Animation.},
    journal   = {International Journal of Intelligent Games and Simulation.},
    volume    = {2},
    number    = {1},
    year      = {2003},
    pages     = {11-19}
}

@article{brooks1986,
    author    = {Rodney Allen Brooks},
    title     = {A Robust Layered Control System for a Mobile Robot.},
    journal   = {IEEE Journal of Robotics and Automation.},
    volume    = {2},
    number    = {1},
    year      = {1986},
    pages     = {14-23}
}

@article{albus1991,
    author    = {J.S. Albus},
    title     = {Outline for a Theory of Intelligence.},
    journal   = {IEEE System, Man, and Cybernetics.},
    volume    = {21},
    number    = {3},
    year      = {1991},
    pages     = {473-509}
}

@article{newell1982,
    author    = {A. Newell},
    title     = {The Knowledge level.},
    journal   = {Artificial Intelligence.},
    volume    = {18},
    number    = {1},
    year      = {1982},
    pages     = {87-127}
}

@article{gamma1989,
    author    = {A. Weinand, E. Gamma, R. Marry},
    title     = {Design and Implementation of ET++, a Seamless Object-Oriented Application Framework.},
    journal   = {Structured Programming.},
    volume    = {10},
    number    = {2},
    year      = {1989}
}
@article{soar,
 author = {John E. Laird and Allen Newell and Paul S. Rosenbloom},
 title = {SOAR: an architecture for general intelligence},
 journal = {Artif. Intell.},
 volume = {33},
 number = {1},
 year = {1987},
 issn = {0004-3702},
 pages = {1--64},
 doi = {http://dx.doi.org/10.1016/0004-3702(87)90050-6},
 publisher = {Elsevier Science Publishers Ltd.},
 address = {Essex, UK},
 }

@article{gamebots2002,
 author = {Gal A. Kaminka and Manuela M. Veloso and Steve Schaffer and Chris Sollitto and Rogelio Adobbati and Andrew N. Marshall and Andrew Scholer and Sheila Tejada},
 title = {GameBots: a flexible test bed for multiagent team research},
 journal = {Commun. ACM},
 volume = {45},
 number = {1},
 year = {2002},
 issn = {0001-0782},
 pages = {43--45},
 doi = {http://doi.acm.org/10.1145/502269.502293},
 publisher = {ACM Press},
 address = {New York, NY, USA},
 }

@article{javabots,
 author = {R Adobbati and A N Marshall and A Scholer and Sheila Tejada and Gal A Kaminka and S Schaffer and C Sollitto},
 title = {Gamebots: a 3D Virtual World Test-bed for Multi-Agent Research},
 journal = {Proceedings of 2nd International Workshop on Infrastructure, MAS and MAS Scalability},
 year = {2001},
 }

@Book{Ierusalimschy2006,
	author =       "Roberto Ierusalimschy",
	title =        "Programming in Lua",
	publisher =    "Lua.Org; 2nd edition",
	isbn = {8590379825},
	pages = 328,
	year =         2006
}



@Book{pipho2003,
	author =       "Evan Pipho",
	title =        "Focus on 3D Models",
	publisher =    "Course Technology PTR",
	isbn = {1592000339},
	pages = 232,
	year =         2003
}

@Book{eberly2000,
	author =       "David H. Eberly",
	title =        "3D Game Engine Design",
	publisher =    "Morgan Kaufmann",
	isbn = {1558605932},
	pages = 561,
	year =         2000
}

@Book{schwab2004,
	author =       "Brian Schwab",
	title =        "AI Game Engine Programming",
	publisher =    "Charles River Media",
	isbn = {1584503440},
	pages = 624,
	year =         2004
}

@Book{hopcroft2002,
	author =       "John E. Hopcroft and Jeffrey D. Ullman and Rajeev Motwani",
	title =        "Introdução à Teoria de Autômatos, Linguagens e Computação",
	publisher =    "Editora Campus",
	isbn = {8535210725},
	pages = 560,
	year =         2002
}

@Book{rezende2002,
	author =       "Solange Oliveira Rezende",
	title =        "Sistemas Inteligentes - Fundamentos e Aplicações.",
	publisher =    "Manole",
	isbn = {8520416837},
	pages = 525,
	year =         2002
}

@Book{rich1988,
	author =       "Elaine Rich",
	title =        "Inteligência Artificial.",
	publisher =    "McGRAW-HILL",
	pages = 503,
	year =         1988
}

@Book{russel2004,
	author =       "Stuart Russel and Peter Norving",
	title =        "Inteligência Artificial - Tradução da segunda edição.",
	publisher =    "Editora Campus",
	isbn = {8535211772},
	pages = 1020,
	year =         2004
}

@Book{byl2004,
	author =       "Penny Baillie-de Byl",
	title =        "Programming Believable Characters for Computer Games",
	publisher =    "Charles Development Series",
	isbn = {1584503238},
	pages = 465,
	year =         2004
}

@Book{yoneyama2000,
	author =       "Cairo L. Nascimento Jr. and Takashi Yoneyama",
	title =        "Inteligência Artificial em Contrle e Automação.",
	publisher =    "Editora Edgard Blücher",
	isbn = {8521202490},
	pages = 218,
	year =         2000
}

@Book{luger2004,
	author =       "George F. Luger",
	title =        "Inteligência Artificial - Estruturas e estratégias para a solução de problemas complexos",
	publisher =    "Bookman",
	isbn = {8536303964},
	pages = 774,
	year =         2004
}





@Book{nilsson1998,
	author =       "Nils J. Nilsson",
	title =        "Artificial Intelligence - A New Synthesis",
	publisher =    "Morgan Kaufmann",
	isbn = {7-111-07438-6},
	pages = 513,
	year = 1998
}


@Book{cormen2002,
	author =       "Thomas H. Cormen and Charles E. Leiserson and Ronald L. Rivest and Clifford Stein",
	title =        "Algoritmos - Tradução da segunda edição americana",
	publisher =    "Editora Campus",
	isbn = {85-352-0926-3},
	pages = 916,
	year = 2002
}

@Book{arariboia1987,
	author =       "G. Araribóia",
	title =        "Inteligência Artificial: Um curso Prático",
	publisher =    "Livros Técnicos e Científicos",
	year = 1987
}

@Book{pree1996,
	author =       "Wolfgang Pree",
	title =        "Framework Paterns",
	publisher =    "SIGS Books \& Multimedia",
	isbn = {1-884842-54-2},
	year = 1996
}




@Mastersthesis{santos2004,
	author={Gilliard Lopes dos Santos},
	title={Máquinas de Estados Hierárquicas em Jogos Eletrônicos},
	school={Pontifícia Universidade Católica do Rio de Janeiro},
        address={Rio de Janeiro},
	year={2004}
}

@Mastersthesis{waveren2001,
	author={J. M. P. van Waveren},
	title={The Quake III Arena Bot},
	school={Delft University of Technology},
        address={Delft, Netherlands},
	year={2001}
}


@inproceedings{monteiro2007,
      author =   "Ivan Medeiros Monteiro and Debora Abdalla dos Santos",
      title =    "Um Framework para o Desenvolvimento de Agentes Cognitivos em Jogos de Primeira Pessoa",
      booktitle =    "VI Brazilian Symposium on Computer Games and Digital Entertainment - Computing Track",
      year =     2007,
      pages   =      {107--115},
      isbn = {857669154-X}
}

@inproceedings{monteiro2008,
      author =   "Ivan Medeiros Monteiro and Luis Otavio Alvares",
      title =    "A Real-Time Proxy for Flexible Teamwork in Dynamic Environments",
      booktitle =    "VII Brazilian Symposium on Computer Games and Digital Entertainment - Computing Track",
      year =     2008,
      pages   =      {83--90},
      isbn = {857669217-1}
}

@article{ monteiro2009a,
      author =   "Ivan Medeiros Monteiro and Luis Otavio Alvares",
      title =    "TWProxy: A Teamwork Proxy for Real-Time Dynamic Environments",
      journal =    "VIII Internation Conference on Autonomous Agents and Multiagent Systems (under review)",
      year =     "2009"
}

@inproceedings{tozour2002,
      author =   "Paul Tozour",
      title =    "First-Person Shooter AI Architecture",
      journal =      "AI Game Programming Wisdom",
      booktitle =    "AI Game Programming Wisdom",
      pages   =      {387--396},
      year =     2002,
      isbn = {1584500778},
      publisher = {Charles River Media}
}

@inproceedings{tozour2004,
      author =   "Paul Tozour",
      title =    "Search Space Representations",
      journal =      "AI Game Programming Wisdom 2",
      booktitle =    "AI Game Programming Wisdom 2",
      pages     = {85-102},
      year =     2004,
      isbn = {1-58450-289-4},
      publisher = {Charles River Media}
}

@inproceedings{brien2002,
      author =   "John O'Brien",
      title =    "A Flexible Goal-Based Planning Architecture",
      journal =      "AI Game Programming Wisdom",
      booktitle =    "AI Game Programming Wisdom",
      pages   =      {375--383},
      year =     2002,
      isbn = {1584500778},
      publisher = {Charles River Media}
}

@inproceedings{sloman1996,
      author =   "Aaron Sloman",
      title =    "What sort of architecture is required for human-like agent",
      journal =      "Proceedings of AAAI-96",
      booktitle =    "Proceedings of AAAI-96",
      year =     1996
}

@inproceedings{bittencourt1997,
      author =   "Guilherme Bittencourt",
      title =    "In the Quest of the Missing Link",
      journal =      "Proceedings of IJICAI",
      booktitle =    "Proceedings of IJICAI",
      pages =    {310-315},
      year =     1997
}


@inproceedings{johnson2004,
      author =   "Geraint Johnson",
      title =    "Avoiding Dynamic Obstacles and Hazards",
      journal =      "AI Game Programming Wisdom 2",
      booktitle =    "AI Game Programming Wisdom 2",
      pages     = {161-170},
      year =     2004,
      isbn = {1-58450-289-4},
      publisher = {Charles River Media}
}

@inproceedings{rosado2004,
      author =   "Gilberto Rosado",
      title =    "Implementing a Data-Driven Finite-State Machine",
      journal =      "AI Game Programming Wisdom 2",
      booktitle =    "AI Game Programming Wisdom 2",
      pages     = {307-317},
      year =     2004,
      isbn = {1-58450-289-4},
      publisher = {Charles River Media}
}


@inproceedings{yiskis2004,
      author =   "Eric Yiskis",
      title =    "A Subsumption Architecture for Character-Based Games",
      journal =      "AI Game Programming Wisdom 2",
      booktitle =    "AI Game Programming Wisdom 2",
      pages     = {329-337},
      year =     2004,
      isbn = {1-58450-289-4},
      publisher = {Charles River Media}
}

@inproceedings{minsky1975,
      author =   "M. Minsky",
      title =    "A Framework for Representing Knowledge",
      journal =      "The Psychology of Computer Vision",
      booktitle =    "The Psychology of Computer Vision",
      year =     1975,
      publisher = {McGraw-Hill}
}







@article{ferber1991,
    author    = {J. Ferber and L. Gasser},
    title     = {Intelligence artificielle distribuée.},
    journal   = {International Workshop on Expert Systems and their Applications.},
    volume    = {10},
    number    = {9},
    year      = {1991}
}

@article{grunvogel2003,
    author    = {Stefan M. Grünvogel},
    title     = {Dynamic Character Animation.},
    journal   = {International Journal of Intelligent Games and Simulation.},
    volume    = {2},
    number    = {1},
    year      = {2003},
    pages     = {11-19}
}

@article{brooks1986,
    author    = {Rodney Allen Brooks},
    title     = {A Robust Layered Control System for a Mobile Robot.},
    journal   = {IEEE Journal of Robotics and Automation.},
    volume    = {2},
    number    = {1},
    year      = {1986},
    pages     = {14-23}
}

@article{albus1991,
    author    = {J.S. Albus},
    title     = {Outline for a Theory of Intelligence.},
    journal   = {IEEE System, Man, and Cybernetics.},
    volume    = {21},
    number    = {3},
    year      = {1991},
    pages     = {473-509}
}

@article{newell1982,
    author    = {A. Newell},
    title     = {The Knowledge level.},
    journal   = {Artificial Intelligence.},
    volume    = {18},
    number    = {1},
    year      = {1982},
    pages     = {87-127}
}

@article{gamma1989,
    author    = {A. Weinand, E. Gamma, R. Marry},
    title     = {Design and Implementation of ET++, a Seamless Object-Oriented Application Framework.},
    journal   = {Structured Programming.},
    volume    = {10},
    number    = {2},
    year      = {1989}
}


@article{javabots,
 author = {R Adobbati and A N Marshall and A Scholer and Sheila Tejada and Gal A Kaminka and S Schaffer and C Sollitto},
 title = {Gamebots: a 3D Virtual World Test-bed for Multi-Agent Research},
 journal = {Proceedings of 2nd International Workshop on Infrastructure, MAS and MAS Scalability},
 year = {2001},
 }

@Book{Ierusalimschy2006,
	author =       "Roberto Ierusalimschy",
	title =        "Programming in Lua",
	publisher =    "Lua.Org; 2nd edition",
	isbn = {8590379825},
	pages = 328,
	year =         2006
}



@Book{pipho2003,
	author =       "Evan Pipho",
	title =        "Focus on 3D Models",
	publisher =    "Course Technology PTR",
	isbn = {1592000339},
	pages = 232,
	year =         2003
}

@Book{eberly2000,
	author =       "David H. Eberly",
	title =        "3D Game Engine Design",
	publisher =    "Morgan Kaufmann",
	isbn = {1558605932},
	pages = 561,
	year =         2000
}

@Book{schwab2004,
	author =       "Brian Schwab",
	title =        "AI Game Engine Programming",
	publisher =    "Charles River Media",
	isbn = {1584503440},
	pages = 624,
	year =         2004
}

@Book{hopcroft2002,
	author =       "John E. Hopcroft and Jeffrey D. Ullman and Rajeev Motwani",
	title =        "Introdução à Teoria de Autômatos, Linguagens e Computação",
	publisher =    "Editora Campus",
	isbn = {8535210725},
	pages = 560,
	year =         2002
}

@Book{rezende2002,
	author =       "Solange Oliveira Rezende",
	title =        "Sistemas Inteligentes - Fundamentos e Aplicações.",
	publisher =    "Manole",
	isbn = {8520416837},
	pages = 525,
	year =         2002
}

@Book{rich1988,
	author =       "Elaine Rich",
	title =        "Inteligência Artificial.",
	publisher =    "McGRAW-HILL",
	pages = 503,
	year =         1988
}


@Book{yoneyama2000,
	author =       "Cairo L. Nascimento Jr. and Takashi Yoneyama",
	title =        "Inteligência Artificial em Contrle e Automação.",
	publisher =    "Editora Edgard Blücher",
	isbn = {8521202490},
	pages = 218,
	year =         2000
}

@Book{luger2004,
	author =       "George F. Luger",
	title =        "Inteligência Artificial - Estruturas e estratégias para a solução de problemas complexos",
	publisher =    "Bookman",
	isbn = {8536303964},
	pages = 774,
	year =         2004
}





@Book{nilsson1998,
	author =       "Nils J. Nilsson",
	title =        "Artificial Intelligence - A New Synthesis",
	publisher =    "Morgan Kaufmann",
	isbn = {7-111-07438-6},
	pages = 513,
	year = 1998
}


@Book{cormen2002,
	author =       "Thomas H. Cormen and Charles E. Leiserson and Ronald L. Rivest and Clifford Stein",
	title =        "Algoritmos - Tradução da segunda edição americana",
	publisher =    "Editora Campus",
	isbn = {85-352-0926-3},
	pages = 916,
	year = 2002
}

@Book{arariboia1987,
	author =       "G. Araribóia",
	title =        "Inteligência Artificial: Um curso Prático",
	publisher =    "Livros Técnicos e Científicos",
	year = 1987
}

@Book{pree1996,
	author =       "Wolfgang Pree",
	title =        "Framework Paterns",
	publisher =    "SIGS Books \& Multimedia",
	isbn = {1-884842-54-2},
	year = 1996
}



@Misc{gamebots2000,
      author = "Andrew Scholer, Gal Kaminka",
      year= 2000,
	  title = "GameBots",
	  url = "http://www.planetunreal.com/gamebots",
          note = "Disponível em: http://www.planetunreal.com/gamebots. Last access on September 2008."
}

@Misc{fifa,
      author = "EASports",
      year= 2008,
	  title = "FIFA Soccer",
	  url = "www.easports.com/fifa",
          note = "Last access on September 2008."
}


@misc{ laird-creating,
  author = "J. Laird and J. Duchi",
  title = "Creating human-like synthetic characters with multiple skill levels: A case study using the soar quakebot",
  text = "J. E. Laird and J. C. Duchi. Creating human-like synthetic characters with
    multiple skill levels: A case study using the soar quakebot. In M. Freed,
    editor, Simulating Human Agents: Papers from the",
  url = "citeseer.ist.psu.edu/laird00creating.html",
   year = "2000"}

@inproceedings{760205,
 author = {John E. Laird, Michael van Lent},
 title = {Human-Level AI's Killer Application: Interactive Computer Games},
 booktitle = {Proceedings of the Seventeenth National Conference on Artificial Intelligence and Twelfth Conference on Innovative Applications of Artificial Intelligence},
 year = {2000},
 isbn = {0-262-51112-6},
 pages = {1171--1178},
 publisher = {AAAI Press / The MIT Press},
 }

@inproceedings{Levesque:90AA,
  AUTHOR = {H. J. Levesque and P. R. Cohen and J. H. T. Nunes},
  TITLE = {On Acting Together},
  YEAR = 1990,
  BOOKTITLE = {Proc. of AAAI-90},
  ADDRESS = "Boston, MA",
  PAGES = {94-99},
  KEYWORDS = {}}

@article{ grosz96collaborative,
    author = "Barbara J. Grosz and Sarit Kraus",
    title = "Collaborative Plans for Complex Group Action",
    journal = "Artificial Intelligence",
    volume = "86",
    number = "2",
    pages = "269-357",
    year = "1996",
    url = "citeseer.ist.psu.edu/grosz96collaborative.html" }


@inproceedings{ tambe97agent,
    author = "M. Tambe",
    title = "Agent architectures for flexible, practical teamwork",
    booktitle = "National Conference on Artificial Intelligence (AAAI)",
    year = "1997",
    url = "citeseer.ist.psu.edu/tambe97agent.html" }

@article{ tambe97towards,
    author = "M. Tambe",
    title = "Towards Flexible Teamwork",
    journal = "Journal of Artificial Intelligence Research",
    volume = "7",
    pages = "83--124",
    year = "1997",
    url = "citeseer.ist.psu.edu/tambe97towards.html" }

@inproceedings{ hill97intelligent,
    author = "R. Hill and J. Chen and J. Gratch and P. Rosenbloom and M. Tambe",
    title = "Intelligent agents for the synthetic battlefield: {A} company of rotary wing aircraft",
    booktitle = "Innovative Applications of Artificial Intelligence ({IAAI}-97)",
    year = "1997",
    url = "citeseer.ist.psu.edu/hill97intelligent.html" }

@misc{ tambe98towards,
  author = "M. Tambe and W. Zhang",
  title = "Towards flexible teamwork in persistent teams",
  text = "Tambe, M. and W. Zhang: 1998, `Towards flexible teamwork in persistent
    teams'. In: Proceedings of the International Conference on Multi-Agent Systems
    (ICMAS).",
  year = "1998",
  url = "citeseer.ist.psu.edu/article/tambe98towards.html" }

@article{ tambe00towards,
    author = "Milind Tambe and Weixiong Zhang",
    title = "Towards Flexible Teamwork in Persistent Teams: Extended Report",
    journal = "Autonomous Agents and Multi-Agent Systems",
    volume = "3",
    number = "2",
    pages = "159-183",
    year = "2000",
    url = "citeseer.ist.psu.edu/article/tambe00towards.html" }

@article{ marsella01experiences,
    author = "Stacy Marsella and Milind Tambe and Jafar Adibi and Yaser Al-Onaizan and Gal A. Kaminka and Ion Muslea",
    title = "Experiences Acquired in the Design of RoboCup Teams: A Comparison of Two Fielded Teams",
    journal = "Autonomous Agents and Multi-Agent Systems",
    volume = "4",
    number = "1/2",
    pages = "115-129",
    year = "2001",
    url = "citeseer.ist.psu.edu/marsella01experiences.html" }

@misc{ steven-evolution,
  author = "Nathan Schurr Steven",
  title = "Evolution of a Teamwork Model",
  url = "citeseer.ist.psu.edu/679191.html", 
  note = {Disponível em citeseer.ist.psu.edu/679191.html. Acesso em: Outubro 2007},
  year = 2005
}



@article{781125,
 author = {David V. Pynadath and Milind Tambe},
 title = {An Automated Teamwork Infrastructure for Heterogeneous Software Agents and Humans},
 journal = {Autonomous Agents and Multi-Agent Systems},
 volume = {7},
 number = {1-2},
 year = {2003},
 issn = {1387-2532},
 pages = {71--100},
 publisher = {Kluwer Academic Publishers},
 address = {Hingham, MA, USA},
 }

@inproceedings{ kitano97robocup,
    author = "H. Kitano and M. Tambe and P. Stone and M. Veloso and S. Coradeschi and E. Osawa and H. Matsubara and I. Noda and M. Asada",
    title = "The RoboCup Synthetic Agent Challenge,97",
    booktitle = "International Joint Conference on Artificial Intelligence (IJCAI97)",
    year = "1997",
    url = "citeseer.ist.psu.edu/kitano97robocup.html" }

@inproceedings{ marsella99being,
    author = "Stacy Marsella and Jafar Adibi and Yaser Al-Onaizan and Gal A. Kaminka and Ion Muslea and Milind Tambe",
    title = "On being a teammate: experiences acquired in the design of {RoboCop} teams",
    booktitle = "Proceedings of the Third International Conference on Autonomous Agents (Agents'99)",
    publisher = "ACM Press",
    address = "Seattle, WA, USA",
    editor = "Oren Etzioni and J{\"o}rg P. M{\"u}ller and Jeffrey M. Bradshaw",
    pages = "221--227",
    year = "1999",
    url = "citeseer.ist.psu.edu/marsella99being.html" }


@Mastersthesis{hugo2005,
    author={Hugo Pinto and Luis Otavio Álvares},
    title={Designing Autonomous Agents for Computer Games with Extended Behavior Networks: An Investigation of Agent Performance, Character Modeling and Action Selection in Unreal Tournament},
    school={Universidade Federal do Rio Grande do Sul},
        address={Porto Alegre, Rio Grande do Sul},
    year={2005}
}
@inproceedings{hugo2006c,
      author =   "Hugo Pinto and Luis Otavio Álvares",
      title =    "A Goal-Oriented Unreal Bot: Building a Game Agent with Goal-Oriented Behavior and Simple Personality Using Extended Behavior Networks",
      journal =      "Game Programming Gems 6",
      booktitle =    "Game Programming Gems 6",
      pages     = {259-272},
      year =     2006,
      isbn = {1-58450-450-1},
      publisher = {Charles River Media}
}

@inproceedings{hugo2006b,
      author =   "Hugo Pinto and Luis Otavio Álvares",
      title =    "Constructing a Goal-Oriented Robot for Unreal Tournament Using Fuzzy Sensors, Finite-State Machines, and Extended Behavior Networks",
      journal =      "Game Programming Gems 6",
      booktitle =    "Game Programming Gems 6",
      pages     = {245-258},
      year =     2006,
      isbn = {1-58450-450-1},
      publisher = {Charles River Media}
}

@inproceedings{hugo2006a,
      author =   "Hugo Pinto and Luis Otavio Álvares",
      title =    "Behavior-Based Robotic Architectures for Games",
      journal =      "Game Programming Gems 6",
      booktitle =    "Game Programming Gems 6",
      pages     = {235-244},
      year =     2006,
      isbn = {1-58450-450-1},
      publisher = {Charles River Media}
}
@misc{ alive,
  title = "Alive",
  url = "http://alive.sourceforge.net/", 
  note = {Disponível em http://alive.sourceforge.net/. Acesso em: Outubro 2007},
  year= 2002
}
@misc{ fear,
  title = "Foundations for Genuine Game AI",
  url = "http://fear.sourceforge.net/",
  note = {Disponível em http://fear.sourceforge.net/. Acesso em: Outubro 2007},
  year= 2004
}

@misc{ nair00robocuprescue,
  author = "R. Nair and T. Ito and M. Tambe and S. Marsella",
  title = "RoboCup-Rescue: A Proposal and Preliminary Experiences",
  text = "Nair, R., Ito, T., Tambe, M., Marsella, S.: RoboCup-Rescue: A Proposal
    and Preliminary Experiences. Proceedings of RoboCup-Rescue Workshop, Fourth
    International Conference on Multi-Agent Systems(ICMAS-2000), July 2000.",
  year = "2000",
  url = "citeseer.ist.psu.edu/nair00robocup.html" }

@article{ jennings95controlling,
    author = "Nicholas R. Jennings",
    title = "Controlling Cooperative Problem Solving in Industrial Multi-Agent Systems Using Joint Intentions",
    journal = "Artificial Intelligence",
    volume = "75",
    number = "2",
    pages = "195-240",
    year = "1995",
    url = "citeseer.ist.psu.edu/jennings95controlling.html" }

@inproceedings{ rich97collagen,
    author = "Charles Rich and Candace L. Sidner",
    title = "{COLLAGEN}: When Agents Collaborate with People",
    booktitle = "Proceedings of the First International Conference on Autonomous Agents (Agents'97)",
    month = "~5--8,",
    publisher = "ACM Press",
    address = "New York",
    editor = "W. Lewis Johnson and Barbara Hayes-Roth",
    isbn = "0-89791-877-0",
    pages = "284--291",
    year = "1997",
    url = "citeseer.ist.psu.edu/rich96collagen.html" }

@techreport{ sycara01retsina,
  author = "K. Sycara and M. Paolucci and M. van Velsen and J. Giampapa",
  title = "The {RETSINA} {MAS} Infrastructure",
  number = "CMU-RI-TR-01-05", 
  institution = "Robotics Institute Technical
    Report, Carnegie Mellon",
  year = "2001",
  url = "citeseer.ist.psu.edu/article/sycara01retsina.html" }


@article{ lesser99cooperative,
    author = "Victor R. Lesser",
    title = "Cooperative Multiagent Systems: A Personal View of the State of the Art",
    journal = "Knowledge and Data Engineering",
    volume = "11",
    number = "1",
    pages = "133-142",
    year = "1999",
    url = "citeseer.ist.psu.edu/article/lesser99cooperative.html" }

@article{ durfee89trends,
    author = "Edmund H. Durfee and Victor R. Lesser and Daniel D. Corkill",
    title = "Trends in Cooperative Distributed Problem Solving",
    journal = "IEEE Transactions on Knowledge and Data Engineering",
    volume = "1",
    number = "1",
    pages = "63--83",
    year = "1989",
    url = "citeseer.ist.psu.edu/durfee95trends.html" }

@article{ durfee91partial,
    author = "Edmund H. Durfee and Victor R. Lesser",
    title = "Partial Global Planning: {A} Coordination Framework for Distributed Hypothesis Formation",
    journal = "IEEE Transactions on Systems, Man, and Cybernetics",
    volume = "21",
    number = "5",
    month = "-",
    pages = "1167--1183",
    year = "1991",
    url = "citeseer.ist.psu.edu/durfee91partial.html" }

@article{ decker92generalizing,
    author = "Keith S. Decker and Victor R. Lesser",
    title = "Generalizing the Partial Global Planning Algorithm",
    journal = "International Journal of Intelligent and Cooperative Information Systems",
    volume = "1",
    number = "2",
    pages = "319--346",
    year = "1992",
    url = "citeseer.ist.psu.edu/decker93generalizing.html" }



@incollection{ huber95acting,
    author = "Marcus J. Huber and Edmund H. Durfee",
    title = "{On Acting Together: Without Communication}",
    booktitle = "Spring Symposium Working Notes on Representing Mental States and Mechanisms",
    publisher = "American Association for Artificial Intelligence",
    address = "Stanford, California",
    pages = "60--71",
    year = "1995",
    url = "citeseer.ist.psu.edu/article/huber95acting.html" }





@inproceedings{Liao_2004_4886,
   author = "Elizabeth Liao and Paul Scerri and Katia Sycara",
   title = "Framework for Very Large Teams",
   booktitle = "AAMAS'04 Workshop on Coalitions and Teams",
   year = "2004"
}



@inproceedings{ tambe96tracking,
    author = "M. Tambe",
    title = "Tracking dynamic team activity",
    booktitle = "National Conference on Artificial Intelligence(AAAI96)",
    year = "1996",
    url = "citeseer.ist.psu.edu/tambe96tracking.html" }





@misc{ xu-towards,
  author = "Yang Xu and Elizabeth Liao and Paul Scerri and Bin Yu and Mike Lewis and
    Katia Sycara",
  title = "Towards Flexible Coordination of Large Scale Multi-Agent Teams",
  url = "citeseer.ist.psu.edu/xu05towards.html" }





@inproceedings{ kaminka99robocup,
    author = "Gal A. Kaminka",
    title = "The RoboCup-98 Teamwork Evaluation Session: A Preliminary Report",
    booktitle = "RoboCup",
    pages = "345-356",
    year = "1999",
    url = "citeseer.ist.psu.edu/466092.html" }


@misc{ pynadath02multiagent,
  author = "D. Pynadath and M. Tambe",
  title = "Multiagent teamwork: Analyzing the optimality and complexity of key theories
    and models",
  text = "D. V. Pynadath and M. Tambe. Multiagent teamwork: Analyzing the optimality
    and complexity of key theories and models. In Proceedings of the 1st conference
    on autonomous agents and multiagent systems (AAMAS-2002.",
  year = "2002",
  url = "citeseer.ist.psu.edu/pynadath02multiagent.html" }







@misc{citeulike:663622,
	author = {Lewis, Richard  L. },
	citeulike-article-id = {663622},
	institution = {The Ohio State University},
	keywords = {no-tag},
	month = {October},
	priority = {2},
	title = {Cognitive Theory, SOAR},
	url = {http://www-personal.umich.edu/~rickl/Documents/cognitive-theory-soar.pdf},
	year = {1999}
}





@inproceedings{ tambe95teamwork,
    author = "Milind Tambe",
    title = "Teamwork in real-world dynamic environments",
    booktitle = "Proceedings of the First International Conference on Multi--Agent Systems",
    publisher = "MIT Press",
    editor = "Victor Lesser",
    year = "1995",
    url = "citeseer.ist.psu.edu/article/tambe96teamwork.html" }




@incollection{ jennings96coordination,
    author = "N. R. Jennings",
    title = "Coordination Techniques for Distributed Artificial Intelligence",
    booktitle = "Foundations of Distributed Artificial Intelligence",
    publisher = "John Wiley \& Sons",
    editor = "G. M. P. O'Hare and N. R. Jennings",
    pages = "187--210",
    year = "1996",
    url = "citeseer.ist.psu.edu/jennings96coordination.html" }


@inproceedings{ rao95bdiagents,
    author = "A. S. Rao and M. P. Georgeff",
    title = "{BDI}-agents: from theory to practice",
    booktitle = "Proceedings of the First Intl. Conference on Multiagent Systems",
    address = "San Francisco",
    year = "1995",
    url = "citeseer.ist.psu.edu/rao95bdi.html" }


@incollection{ brooks,
author = "Rodney A. Brooks",
title = "Intelligence without representation", 
booktitle = "",
editor = "",
year = "1991",
pages = "139-159",
series = "Artificial Intelligence",
number = "47",
publisher = "",
abstract = "",
url = "citeseer.ist.psu.edu/brooks91intelligence.html" }


@inproceedings{ brooks91intelligence,
    author = "Rodney A. Brooks",
    title = "Intelligence Without Reason",
    booktitle = "Proceedings of the 12th International Joint Conference on Artificial Intelligence ({IJCAI}-91)",
    publisher = "Morgan Kaufmann publishers Inc.: San Mateo, CA, USA",
    address = "Sydney, Australia",
    editor = "John Myopoulos and Ray Reiter",
    isbn = "1-55860-160-0 ",
    pages = "569--595",
    year = "1991",
    url = "citeseer.ist.psu.edu/article/brooks91intelligence.html" }


@inproceedings{ yen01cast,
    author = "John Yen and Jianwen Yin and Thomas R. Ioerger and Michael S. Miller and Dianxiang Xu and Richard A. Volz",
    title = "{CAST}: Collaborative Agents for Simulating Teamwork",
    booktitle = "{IJCAI}",
    pages = "1135-1144",
    year = "2001",
    url = "citeseer.ist.psu.edu/yen01cast.html" }




@misc{ scerri03prototype,
  author = "P. Scerri and D. Pynadath and L. Johnson and R. Schurr and M. Si and M.
    Tambe",
  title = "A prototype infrastructure for distributed robot-agent-person teams",
  text = "P. Scerri, D. V. Pynadath, L. Johnson, Rosenbloom P., N. Schurr, M Si,
    and M. Tambe. A prototype infrastructure for distributed robot-agent-person
    teams. In The Second International Joint Conference on Autonomous Agents
    and Multiagent Systems, 2003.",
  year = "2003",
  url = "citeseer.ist.psu.edu/scerri03prototype.html" }






@article{ jones99automated,
    author = "Randolph M. Jones and John E. Laird and Paul E. Nielsen and Karen J. Coulter and Patrick G. Kenny and Frank V. Koss",
    title = "Automated Intelligent Pilots for Combat Flight Simulation",
    journal = "AI Magazine",
    volume = "20",
    number = "1",
    pages = "27-41",
    year = "1999",
    url = "citeseer.ist.psu.edu/jones99automated.html" }


@inproceedings{ stone98task,
    author = "Peter Stone and Manuela M. Veloso",
    title = "Task Decomposition and Dynamic Role Assignment for Real-Time Strategic Teamwork",
    booktitle = "Agent Theories, Architectures, and Languages",
    pages = "293-308",
    year = "1998",
    url = "citeseer.ist.psu.edu/article/stone98task.html" }


@inproceedings{DBLP:conf/aiide/Orkin05,
  author    = {Jeff Orkin},
  title     = {Agent Architecture Considerations for Real-Time Planning in Games},
  booktitle = {AIIDE},
  year      = {2005},
  pages     = {105-110},
  crossref  = {DBLP:conf/aiide/2005},
  bibsource = {DBLP, http://dblp.uni-trier.de}
}



@inproceedings{1178576,
 author = {B\"{o}rje Karlsson and Bruno Feij\'{o}},
 title = {AI middleware as means for improving gameplay},
 booktitle = {ACE '05: Proceedings of the 2005 ACM SIGCHI International Conference on Advances in computer entertainment technology},
 year = {2005},
 isbn = {1-59593-110-4},
 pages = {442--445},
 location = {Valencia, Spain},
 doi = {http://doi.acm.org/10.1145/1178477.1178576},
 publisher = {ACM Press},
 address = {New York, NY, USA},
 }



@inproceedings{1234350,
 author = {Billy Yue and Penny de-Byl},
 title = {The state of the art in game AI standardisation},
 booktitle = {CyberGames '06: Proceedings of the 2006 international conference on Game research and development},
 year = {2006},
 isbn = {86905-901-7},
 pages = {41--46},
 location = {Perth, Australia},
 publisher = {Murdoch University},
 address = {Murdoch University, Australia, Australia},
 }


@misc{ jacobs-unreal,
  author = "Stefan Jacobs and Alexander Ferrein and Gerhard Lakemeyer",
  title = "Unreal GOLOG Bots",
  url = "citeseer.ist.psu.edu/jacobs05unreal.html" }


@misc{ laird-creating,
  author = "J. Laird and J. Duchi",
  title = "Creating human-like synthetic characters with multiple skill levels: A
    case study using the soar quakebot",
  text = "J. E. Laird and J. C. Duchi. Creating human-like synthetic characters with
    multiple skill levels: A case study using the soar quakebot. In M. Freed,
    editor, Simulating Human Agents: Papers from the",
  url = "citeseer.ist.psu.edu/laird00creating.html",
   year = "2000"}


@inproceedings{760205,
 author = {John E. Laird and Michael van Lent},
 title = {Human-Level AI's Killer Application: Interactive Computer Games},
 booktitle = {Proceedings of the Seventeenth National Conference on Artificial Intelligence and Twelfth Conference on Innovative Applications of Artificial Intelligence},
 year = {2000},
 isbn = {0-262-51112-6},
 pages = {1171--1178},
 publisher = {AAAI Press / The MIT Press},
 }





@techreport{Sycara_2006_5592,
	address = {Pittsburgh, PA},
	author = {Sycara, Katia   and Sukthankar, Gita  },
	citeulike-article-id = {1751311},
	institution = {Robotics Institute, Carnegie Mellon University},
	keywords = {teamwork},
	month = {November},
	number = {CMU-RI-TR-06-50},
	priority = {2},
	title = {Literature Review of Teamwork Models},
	year = {2006}
}


@misc{ schurr-towards,
  author = "Nathan Schurr and Janusz Marecki and Milind Tambe and Paul Scerri",
  title = "Towards Flexible Coordination of Human-Agent Teams",
  url = "citeseer.ist.psu.edu/751611.html",
  year = "2005" }


misc{ xu-towards,
  author = "Yang Xu and Elizabeth Liao and Paul Scerri and Bin Yu and Mike Lewis and
    Katia Sycara",
  title = "Towards Flexible Coordination of Large Scale Multi-Agent Teams",
  url = "citeseer.ist.psu.edu/xu05towards.html"
  year = "2005" }


@misc{ scerri-getting,
  author = "Paul Scerri and Lewis Johnson and David V. Pynadath and Paul Rosenbloom
    and Nathan Schurr and Mei Si and Milind Tambe",
  title = "Getting Robots, Agents and People to Cooperate: An Initial Report",
  url = "citeseer.ist.psu.edu/564721.html",
  year = "2003"
}



@inproceedings{Scerri_2004_4888,
   author = "Paul Scerri and D. Pynadath and N. Schurr and A. Farinelli and S. Gandhe and M. Tambe",
   title = "Team Oriented Programming and Proxy Agents: The Next Generation",
   booktitle = "Proceedings of 1st international workshop on Programming Multiagent Systems",
   year = "2004"
}


@misc{ fear,
  title = "FEAR : Foundations for Genuine Game AI",
  url = "http://fear.sourceforge.net/" 
}


@misc{ alive,
  title = "Alive",
  url = "http://alive.sourceforge.net/" 
}



@inproceedings{hugo2006a,
      author =   "Hugo Pinto, Luis Otavio Álvares",
      title =    "Behavior-Based Robotic Architectures for Games",
      journal =      "Game Programming Gems 6",
      booktitle =    "Game Programming Gems 6",
      pages     = {235-244},
      year =     2006,
      isbn = {1-58450-450-1},
      publisher = {Charles River Media}
}



@inproceedings{hugo2006b,
      author =   "Hugo Pinto, Luis Otavio Álvares",
      title =    "Constructing a Goal-Oriented Robot for Unreal Tournament Using Fuzzy Sensors, Finite-State Machines, and Extended Behavior Networks",
      journal =      "Game Programming Gems 6",
      booktitle =    "Game Programming Gems 6",
      pages     = {245-258},
      year =     2006,
      isbn = {1-58450-450-1},
      publisher = {Charles River Media}
}


@inproceedings{hugo2006c,
      author =   "Hugo Pinto, Luis Otavio Álvares",
      title =    "A Goal-Oriented Unreal Bot: Building a Game Agent with Goal-Oriented Behavior and Simple Personality Using Extended Behavior Networks",
      journal =      "Game Programming Gems 6",
      booktitle =    "Game Programming Gems 6",
      pages     = {259-272},
      year =     2006,
      isbn = {1-58450-450-1},
      publisher = {Charles River Media}
}


@Mastersthesis{hugo2005,
    author={Hugo Pinto, Luis Otavio Álvares},
    title={Designing Autonomous Agents for Computer Games with Extended Behavior Networks: An Investigation of Agent Performance, Character Modeling and Action Selection in Unreal Tournament},
    school={Universidade Federal do Rio Grande do Sul},
        address={Porto Alegre, Rio Grande do Sul},
    year={2005}
}






@article{DBLP:journals/tc/DurfeeLC87,
  author    = {Edmund H. Durfee and
               Victor R. Lesser and
               Daniel D. Corkill},
  title     = {Coherent Cooperation Among Communicating Problem Solvers},
  journal   = {IEEE Trans. Computers},
  volume    = {36},
  number    = {11},
  year      = {1987},
  pages     = {1275-1291},
  bibsource = {DBLP, http://dblp.uni-trier.de}
}


@misc{ sycara96distributed,
  author = "K. Sycara and K. Decker and A. Pannu and M. Williamson and D. Zeng",
  title = "Distributed intelligent agents",
  text = "Katia Sycara, Keith Decker, Anandeep Pannu, Mike Williamson, and Dajun
    Zeng. Distributed intelligent agents. IEEE Expert, 11(6):36--46, December
    1996.",
  year = "1996",
  url = "citeseer.ist.psu.edu/article/sycara96distributed.html" }



@misc{ chalupsky01electric,
  author = "H. Chalupsky and Y. Gil and C. Knoblock and K. Lerman and J. Oh and D.
    Pynadath and T. Russ and M. Tambe",
  title = "Electric elves: Applying agent technology to support human organizations",
  text = "Hans Chalupsky, Yolanda Gil, Craig A. Knoblock, Kristina Lerman, Jean Oh,
    David V. Pynadath, Thomas A. Russ, and Milind Tambe. Electric elves: Applying
    agent technology to support human organizations. In Proceedings of IAAI-2001,
    Seattle, WA, 2001.",
  year = "2001",
  url = "citeseer.ist.psu.edu/chalupsky01electric.html" }


@misc{ grosz98evolution,
  author = "B. Grosz and S. Kraus",
  title = "The evolution of SharedPlans",
  text = "Grosz, B. J., and Kraus, S. 1998. The evolution of SharedPlans. In Rao,
    A., and Woolridge, M., eds., To Appear in Foundations and Theories of Rational
    Agency.",
  year = "1998",
  url = "citeseer.ist.psu.edu/grosz98evolution.html" }

 

@inproceedings{376314,
 author = {Paul Scerri and David Pynadath and Milind Tambe},
 title = {Adjustable autonomy in real-world multi-agent environments},
 booktitle = {AGENTS '01: Proceedings of the fifth international conference on Autonomous agents},
 year = {2001},
 isbn = {1-58113-326-X},
 pages = {300--307},
 location = {Montreal, Quebec, Canada},
 doi = {http://doi.acm.org/10.1145/375735.376314},
 publisher = {ACM},
 address = {New York, NY, USA},
 }


@misc{ scerri03towards,
  author = "P. Scerri and D. Pynadath and M. Tambe",
  title = "Towards adjustable autonomy for the real world",
  text = "Paul Scerri, David V. Pynadath, and Milind Tambe. Towards adjustable autonomy
    for the real world. Journal of Artificial Intelligence Research, 17, 2003.",
  year = "2003",
  url = "citeseer.ist.psu.edu/scerri03towards.html" }



@misc{ tambe-teamwork,
  author = "M. Tambe and W. Shen and M. Mataric and D. Goldberg and P. Modi and D.
    Pynadath and Z. Qiu and B. Salemi",
  title = "Teamwork in cyberspace: Using TEAMCORE to make agents team-ready",
  text = "Tambe, M., W. Shen, M. Mataric, D. Goldberg, P. Modi, D. Pynadath, Z. Qiu,
    and B. Salemi: 1999b, `Teamwork in cyberspace: Using TEAMCORE to make agents
    team-ready'. In: S. Murugesan (ed.): AAAI FALL Symposium on Social Agents.",
  url = "citeseer.ist.psu.edu/8634.html" }


@misc{ traum03negotiation,
  author = "D. Traum and J. Rickel and J. Gratch and S. Marsella",
  title = "Negotiation over Tasks in Hybrid Human-Agent Teams for Simulation-Based
    Training",
  text = "Traum, D., Rickel, J., Gratch, J., Marsella, S.: Negotiation over Tasks
    in Hybrid Human-Agent Teams for Simulation-Based Training. Proceedings of
    the Second International Joint Conference on Autonomous Agents and Multiagent
    Systems. ACM Press, New York (2003) 441-448",
  year = "2003",
  url = "citeseer.ist.psu.edu/article/traum03negotiation.html" }



@inproceedings{ finin94kqml,
    author = "T. Finin and R. Fritzson and D. McKay and R. McEntire",
    title = "{KQML as an Agent Communication Language}",
    booktitle = "Proceedings of the 3rd International Conference on Information and Knowledge Management ({CIKM}'94)",
    publisher = "ACM Press",
    address = "Gaithersburg, MD, USA",
    editor = "N. Adam and B. Bhargava and Y. Yesha",
    pages = "456--463",
    year = "1994",
    url = "citeseer.ist.psu.edu/article/finin95kqml.html" }


@article{1041682,
 author = {Xavier D\'{e}fago and Andr\'{e} Schiper and P\'{e}ter Urb\'{a}n},
 title = {Total order broadcast and multicast algorithms: Taxonomy and survey},
 journal = {ACM Comput. Surv.},
 volume = {36},
 number = {4},
 year = {2004},
 issn = {0360-0300},
 pages = {372--421},
 doi = {http://doi.acm.org/10.1145/1041680.1041682},
 publisher = {ACM},
 address = {New York, NY, USA},
 }


@ARTICLE{1376867,
title={Token approach for role allocation in extreme teams: analysis and experimental evaluation},
author={Seem, P. and Farinelli, A. and Okamoto, S. and Tambe, M.},
journal={Enabling Technologies: Infrastructure for Collaborative Enterprises, 2004. WET ICE 2004. 13th IEEE International Workshops on},
year={2004},
month={June},
volume={},
number={},
pages={ 397-402},
keywords={ computational complexity, open systems, optimisation LA-DCOP algorithm, distributed constraint optimization problem, distributed proxy-based team, dynamic environment, open computational system, probabilistic information, role allocation algorithm, tokens representation},
doi={10.1109/ENABL.2004.67},
ISSN={1524-4547 }, }




@Article{	  smith81,
  author =	 {Reid G. Smith},
  title =	 {The Contract Net Protocol: High-Level Communication
                  and Control in a Distributed Problem Solver},
  googleid =	 {7E57MGIOclcJ:scholar.google.com/},
  journal =	 {{IEEE} Transactions on Computers},
  year =	 1981,
  volume =	 {C-29},
  number =	 12,
  pages =	 {1104--1113},
  abstract =	 {The contract net protocol has been developed to
                  specify problem-solving communication and control
                  for nodes in a distributed problem solver. Task
                  distribution is affected by a negotiation process, a
                  discussion carried on between nodes with tasks to be
                  executed and nodes that may be able to execute those
                  tasks. },
  keywords =     {multiagent negotiation classic},
  comment =	 {The original Contract Net paper.},
  created =	 1001877509,
  cluster = 	 {6301114643527716588}
}



@article{citeulike:1274573,
    author = {Kuhn, H. W. },
    citeulike-article-id = {1274573},
    journal = {Naval Research Logistic Quarterly},
    keywords = {algorithm, bipartite, graphs, hungarian, matching},
    pages = {83--97},
    posted-at = {2007-05-03 20:23:05},
    priority = {1},
    title = {The {H}ungarian method for the assignment problem},
    volume = {2},
    year = {1955}
}

@article{citeulike:2750737,
    author = {Munkres, James  },
    citeulike-article-id = {2750737},
    journal = {Journal of the Society for Industrial and Applied Mathematics},
    keywords = {assignment},
    number = {1},
    pages = {32--38},
    posted-at = {2008-05-03 22:25:15},
    priority = {0},
    publisher = {SIAM},
    title = {Algorithms for the Assignment and Transportation Problems},
    url = {http://scitation.aip.org/getabs/servlet/GetabsServlet?prog=normal\&id=SMJMAP000005000001000032000001\&idtype=cvips\&gifs=yes},
    volume = {5},
    year = {1957}
}

@INPROCEEDINGS{Vu03monad:a,
    author = {Thuc Vu and Jared Go and Gal Kaminka and Manuela Veloso and Brett Browning},
    title = {MONAD: A Flexible Architecture For Multi-Agent Control},
    booktitle = {In Proceedings of the AAMAS¿03},
    year = {2003},
    pages = {449--456}
}
