%% This BibTeX bibliography file was created using BibDesk.
%% http://bibdesk.sourceforge.net/


%% Created for Carlos Eduardo Benevides Bezerra at 2011-07-08 15:24:27 +0200 


%% Saved with string encoding Unicode (UTF-8) 



@inproceedings{bezerra2008a3,
	Acmid = {1467987},
	Address = {Washington, DC, USA},
	Author = {Bezerra, Carlos Eduardo and Cecin, F\'{a}bio R. and Geyer, Cl\'{a}udio F. R.},
	Booktitle = {Proceedings of the 2008 12th IEEE/ACM International Symposium on Distributed Simulation and Real-Time Applications},
	Date-Added = {2011-07-08 15:21:00 +0200},
	Date-Modified = {2011-07-08 15:21:15 +0200},
	Doi = {http://dx.doi.org/10.1109/DS-RT.2008.11},
	Isbn = {978-0-7695-3425-1},
	Keywords = {interest management, MMOG, distributed simulation},
	Numpages = {8},
	Pages = {35--42},
	Publisher = {IEEE Computer Society},
	Series = {DS-RT '08},
	Title = {A3: A Novel Interest Management Algorithm for Distributed Simulations of MMOGs},
	Url = {http://dx.doi.org/10.1109/DS-RT.2008.11},
	Year = {2008},
	Bdsk-Url-1 = {http://dx.doi.org/10.1109/DS-RT.2008.11}}
