

%--------------------------------------------------------------

@article{cecin2004fsa,
  title={{FreeMMG: A Scalable and Cheat-Resistant Distribution Model for Internet Games}},
  author={Cecin, F.R. and Real, R. and de Oliveira Jannone, R. and Geyer, C.F.R. and Martins, M.G. and Barbosa, J.L.V.},
  journal={IEEE Int. Sym. on Distributed Simulation and Real-Time Applications},
  pages={83--90},
  year={2004}
}

%-------------------------------------------------------------


@Misc{broodwar, 
    author = "Blizzard",
    title = "Starcraft: Brood War",
    note = "http://www.blizzard.com/broodwar/",
    year = "1998"
}

%-------------------------------------------------------------

@Misc{counterstrike, 
    author = "Valve",
    title = "Counter-Strike",
    note = "http://www.counter-strike.net/",
    year = "2000"
}

%-------------------------------------------------------------

@Misc{warcraft3, 
    author = "Blizzard",
    title = "Warcraft III",
    note = "http://www.blizzard.com/war3/",
    year = "2002"
}

%-------------------------------------------------------------

@Misc{worldofwarcraft, 
    author = "Blizzard",
    title = "World of Warcraft",
    note = "http://www.worldofwarcraft.com/",
    year = "2004"
}

%--------------------------------------------------------------

@Misc{lineage2, 
    author = "NCsoft",
    title = "Lineage II",
    note = "http://www.lineage2.com/",
    year = "2003"
}

%---------------------------------------------------------------------------

@article{chen2006pch,
  title={{Peer clustering: a hybrid approach to distributed virtual environments}},
  author={Chen, A. and Muntz, R.R.},
  journal={Proceedings of 5th ACM SIGCOMM workshop on Network and system support for games},
  year={2006},
  publisher={ACM Press New York, NY, USA}
}

%---------------------------------------------------------------------------

@article{schiele2007rpp,
  title={{Requirements of Peer-to-Peer-based Massively Multiplayer Online Gaming}},
  author={Schiele, G. and Suselbeck, R. and Wacker, A. and Hahner, J. and Becker, C. and Weis, T.},
  journal={Proceedings of the Seventh IEEE International Symposium on Cluster Computing and the Grid},
  pages={773--782},
  year={2007},
  publisher={IEEE Computer Society Washington, DC, USA}
}

%--------------------------------------------------------------

@Misc{indigente, 
    author = "Indigente",
    title = "Interactive Digital Entertainment",
    note = "Grupo de pesquisa na área de jogos da UFBA, formado em abril de 2004. http://indigente.dcc.ufba.br/",
    year = "2004",
    
}

%--------------------------------------------------------------

@article{lamport1982bgp,
  title={{The Byzantine Generals Problem}},
  author={Lamport, L. and Shostak, R. and Pease, M.},
  journal={ACM Transactions on Programming Languages and Systems (TOPLAS)},
  volume={4},
  number={3},
  pages={382--401},
  year={1982},
  publisher={ACM Press New York, NY, USA}
}

%--------------------------------------------------------------

@article{elrhalibi2005abm,
  title={{Agents-based modeling for a peer-to-peer MMOG architecture}},
  author={El Rhalibi, A. and Merabti, M.},
  journal={Computers in Entertainment (CIE)},
  volume={3},
  number={2},
  pages={3--3},
  year={2005},
  publisher={ACM Press New York, NY, USA}
}

%---------------------------------------------------------------------------

@article{iimura2004zfg,
  title={{Zoned federation of game servers: a peer-to-peer approach to scalable multi-player online games}},
  author={Iimura, T. and Hazeyama, H. and Kadobayashi, Y.},
  journal={Proceedings of ACM SIGCOMM 2004 workshops on NetGames' 04: Network and system support for games},
  pages={116--120},
  year={2004},
  publisher={ACM Press New York, NY, USA}
}

%---------------------------------------------------------------------------

@article{lee2003sdl,
  title={{A scalable dynamic load distribution scheme for multi-server distributed virtual environment systems with highly-skewed user distribution}},
  author={Lee, K. and Lee, D.},
  journal={Proceedings of the ACM symposium on Virtual reality software and technology},
  pages={160--168},
  year={2003},
  publisher={ACM Press New York, NY, USA}
}

%---------------------------------------------------------------------------

@article{ng2002msa,
  title={{A multi-server architecture for distributed virtual walkthrough}},
  author={Ng, B. and Si, A. and Lau, R.W.H. and Li, F.W.B.},
  journal={Proceedings of the ACM symposium on Virtual reality software and technology},
  pages={163--170},
  year={2002},
  publisher={ACM Press New York, NY, USA}
}

%---------------------------------------------------------------------------

@article{assiotis2006dam,
  title={{A distributed architecture for MMORPG}},
  author={Assiotis, M. and Tzanov, V.},
  journal={Proceedings of 5th ACM SIGCOMM workshop on Network and system support for games},
  year={2006},
  publisher={ACM Press New York, NY, USA}
}

%---------------------------------------------------------------------------

@article{bezerra2008a3,
  title={{A3: a novel interest management algorithm for distributed simulations of MMOGs}},
  author={Bezerra, Carlos Eduardo B. and Cecin, Fábio R. and Geyer, Cláudio F. R.},
  journal={Proceedings of the 12th IEEE International Symposium on Distributed Simulation and Real Time Applications, 2008, Vancouver, BC, Canada},
  pages={35--42},
  year={2008}
}

%---------------------------------------------------------------------------

@article{vilanova2008psm,
  title={{P2PSE - A Peer-to-Peer Support for Multiplayer Games}},
  author={Vilanova, Felipe J. and Bezerra, Carlos Eduardo B. and Crippa, Marcos Rates and Cecin, Fábio R. and Geyer, Cláudio F. R.},
  journal={VII Brazilian Symposium on Computer Games and Digital Entertainment - Computing Track, 2008, Belo Horizonte, MG, Brazil},
  pages={47--53},
  year={2008}
}

%---------------------------------------------------------------------------

@article{chertov:olb,
  title={{Optimistic Load Balancing in a Distributed Virtual Environment}},
  author={Chertov, R. and Fahmy, S.},
  journal={Proceedings of the 16th ACM International Workshop on Network and Operating Systems Support for Digital Audio and Video (NOSSDAV)},
  year={2006}
}

%---------------------------------------------------------------------------

@article{lee2003sdl,
  title={{A scalable dynamic load distribution scheme for multi-server distributed virtual environment systems with highly-skewed user distribution}},
  author={Lee, K. and Lee, D.},
  journal={Proceedings of the ACM symposium on Virtual reality software and technology},
  pages={160--168},
  year={2003},
  publisher={ACM Press New York, NY, USA}
}

%---------------------------------------------------------------------------

@article{darlagiannis2006ppa,
  title={{Peer-to-peer applications beyond file sharing: overlay network requirements and solutions}},
  author={Darlagiannis, V. and Heckmann, O. and Steinmetz, R.},
  journal={e \& i Elektrotechnik und Informationstechnik},
  volume={123},
  number={6},
  pages={242--250},
  year={2006},
  publisher={Springer}
}

%---------------------------------------------------------------------------

@article{hampel2006ppa,
  title={{A peer-to-peer architecture for massive multiplayer online games}},
  author={Hampel, T. and Bopp, T. and Hinn, R.},
  journal={Proceedings of 5th ACM SIGCOMM workshop on Network and system support for games},
  year={2006},
  publisher={ACM Press New York, NY, USA}
}

%---------------------------------------------------------------------------

@article{knutsson2004pps,
  title={{Peer-to-peer support for massively multiplayer games}},
  author={Knutsson, B. and Lu, H. and Xu, W. and Hopkins, B.},
  journal={IEEE Infocom},
  year={2004}
}

%---------------------------------------------------------------------------

@article{rieche2007ppb,
  title={{Peer-to-Peer-based Infrastructure Support for Massively Multiplayer Online Games}},
  author={Rieche, S. and Fouquet, M. and Niedermayer, H. and Petrak, L. and Wehrle, K. and Carle, G.},
  journal={Consumer Communications and Networking Conference, 2007. CCNC 2007. 2007 4th IEEE},
  pages={763--767},
  year={2007}
}

%---------------------------------------------------------------------------

@Misc{quake, author = "~{id Software}", title = "Quake", note = "http://www.idsoftware.com/games/quake/", year = "1996" } 

%---------------------------------------------------------------------------

@Misc{diablo2,
		author = "Blizzard",
		title = "Diablo 2",
		note = "http://www.idsoftware.com/games/quake/",
		year = "2000"
}

%---------------------------------------------------------------------------

@Misc{eveonline, 
    author = "CCP",
    title = "EVE Online",
    note = "http://www.eve-online.com/",
    year = "2003"
}

%---------------------------------------------------------------------------

@Misc{travian, 
    author = "Travian",
    title = "Travian",
    note = "http://www.travian.com/",
    year = "2004"
}

%---------------------------------------------------------------------------

@Misc{butterfly, 
    author = "IBM",
    title = "{Butterfly.net: powering next-generation gaming with on-demand computing}",
    year = "2003"
}

%---------------------------------------------------------------------------

@conference{wang2004gem,
  title={{A Grid-enabled Multi-server Network Game Architecture}},
  author={Wang, T. and Wang, C.L. and Lau, F.},
  booktitle={Proceedings of the 3rd International Conference on Application and Development of Computer Games},
  pages={26--27},
  year={2004}
}

%---------------------------------------------------------------------------

@article{morillo2006spp,
  title={{Solving the Partitioning Problem in Distributed Virtual Environment Systems Using Evolutive Algorithms}},
  author={Morillo, P. and M. FernÁndez and OrduÑa, J. M.},
  journal={Handbook of bioinspired algorithms},
  chapter={30},
  year={2006},
  publisher={Chapman \& Hall/CRC},
  pages={531--554}
}

%---------------------------------------------------------------------------

@article{devleeschauwer2005dma, title={{Dynamic microcell assignment for massively multiplayer online gaming}}, author={De Vleeschauwer, B. and Van Den Bossche, B. and Verdickt, T. and De Turck, F. and Dhoedt, B. and Demeester, P.}, journal={Proceedings of 4th ACM SIGCOMM workshop on Network and system support for games}, pages={1--7}, year={2005}, publisher={ACM Press New York, NY, USA} }

%---------------------------------------------------------------------------

@article{lui2002epa,
  title={{An Efficient Partitioning Algorithm for Distributed Virtual Environment Systems}},
  author={Lui, J.C.S. and Chan, MF},
  journal={IEEE TRANSACTIONS ON PARALLEL AND DISTRIBUTED SYSTEMS},
  pages={193--211},
  year={2002},
  publisher={IEEE Computer Society}
}
